Account Name       :                	Mr. Nandakumar  A K
Address            :	Kollasseril House
                                    	
                                    	Ezhupunna-688537
                                    	Alappuzha
Date               :                	26 Jul 2024
Account Number     :	_00000067346369830
Account Description:	REGULAR SB NCHQ-INDIVIDUALS
Branch             :	ERAMALLOOR
Drawing Power      :	0.00
Interest Rate(% p.a.):	2.7
MOD Balance      :	0.00
CIF No.          :	_77137918173
IFS (Indian Financial System) Code         :	SBIN0070960
MICR (Magnetic Ink Character Recognition)  Code        :	_688002923
Nomination Registered    :	Yes 
Balance on 1 Apr 2023        :	4,463.85
Start Date          :	1 Apr 2023
End Date            :	31 Mar 2024
Txn Date	Value Date	Description	Ref No./Cheque No.	        Debit	Credit	Balance	
14 Apr 2023	14 Apr 2023	   TO TRANSFER-UPI/DR/310411615238/SEETHA  R/SBIN/9446917665/UPI--	TRANSFER TO 4897694162092	100.00	 	4,363.85
14 Apr 2023	14 Apr 2023	   TO TRANSFER-UPI/DR/310414751811/SEETHA  R/SBIN/9446917665/UPI--	TRANSFER TO 4897694162092	2,000.00	 	2,363.85
16 Apr 2023	16 Apr 2023	   BY TRANSFER-UPI/CR/310612136871/MEGHANA /UBIN/9446917665/NO RE--	TRANSFER FROM 4897738162095	 	2,000.00	4,363.85
16 Apr 2023	16 Apr 2023	   TO TRANSFER-UPI/DR/310612141316/SEETHA  R/SBIN/9446917665/UPI--	TRANSFER TO 4897696162090	2,000.00	 	2,363.85
22 Apr 2023	22 Apr 2023	   TO TRANSFER-UPI/DR/311221242858/UNIQUE I/HDFC/resident.u/Upi T--	TRANSFER TO 4897695162091	50.00	 	2,313.85
23 Apr 2023	23 Apr 2023	   TO TRANSFER-UPI/DR/347930273279/ASWIN S/HDFC/aswinshaij/UPI--	TRANSFER TO 4897696162090	20.00	 	2,293.85
5 May 2023	5 May 2023	   BY TRANSFER-NEFT*RBIS0GOKLEP*RBI1262352454750*DIRECTOR OF TREA--	TRANSFER FROM 4697257044303	 	8,000.00	10,293.85
18 May 2023	18 May 2023	   BY TRANSFER-NEFT*RBIS0GOKLEP*RBI1392365334154*DIRECTOR OF TREA--	TRANSFER FROM 4697235044309	 	8,000.00	18,293.85
20 May 2023	20 May 2023	   ATM WDL-ATM CASH 9091  SBI ERAMALLOOR BRANCH CHERTHALA--		9,000.00	 	9,293.85
23 May 2023	23 May 2023	   ATM WDL-ATM CASH 382   SBI ERAMALLOOR BRANCH CHERTHALA--		3,000.00	 	6,293.85
25 Jun 2023	25 Jun 2023	   CREDIT INTEREST---		 	40.00	6,333.85
3 Jul 2023	3 Jul 2023	   TO TRANSFER-UPI/DR/318413595401/Mr Anil /PYTM/paytmqr281/NO RE--	TRANSFER TO 4897690162095	15.00	 	6,318.85
4 Jul 2023	4 Jul 2023	   BY TRANSFER-NEFT*RBIS0GOKLEP*RBI1862350666997*DIRECTOR OF TREA--	TRANSFER FROM 3199414044305	 	8,000.00	14,318.85
5 Jul 2023	5 Jul 2023	   TO TRANSFER-UPI/DR/318611097330/RESMI K V/HDFC/resmijiji5/Reth--	TRANSFER TO 4897692162094	1,000.00	 	13,318.85
5 Jul 2023	5 Jul 2023	   TO TRANSFER-UPI/DR/318615273471/S S AGEN/ICIC/ssagencies/Anil--	TRANSFER TO 4897692162094	5,235.00	 	8,083.85
7 Jul 2023	7 Jul 2023	   TO TRANSFER-UPI/DR/318808552586/S  ANILK/SBIN/kollasseri/NO RE--	TRANSFER TO 4897694162092	1.00	 	8,082.85
7 Jul 2023	7 Jul 2023	   BY TRANSFER-UPI/CR/318800633406/S  ANILK/SBIN/kollasseri/UPI--	TRANSFER FROM 4897736162097	 	1.00	8,083.85
7 Jul 2023	7 Jul 2023	   BY TRANSFER-UPI/CR/318800756524/S  ANILK/SBIN/kollasseri/UPI--	TRANSFER FROM 4897736162097	 	1.00	8,084.85
9 Jul 2023	9 Jul 2023	   TO TRANSFER-UPI/DR/319017463980/Indian O/YESB/Q749700022/NO RE--	TRANSFER TO 4897696162090	50.00	 	8,034.85
10 Jul 2023	10 Jul 2023	   TO TRANSFER-UPI/DR/319115147237/VISHNU S/FDRL/kappalovsu/Anil--	TRANSFER TO 4897690162095	867.00	 	7,167.85
11 Jul 2023	11 Jul 2023	   TO TRANSFER-UPI/DR/319211730963/MUHAMMED/UTIB/AMZN000671/NO RE--	TRANSFER TO 4897691162095	1,084.00	 	6,083.85
14 Jul 2023	14 Jul 2023	   BY TRANSFER-UPI/CR/319573638340/S  ANILK/SBIN/kollasseri/UPI--	TRANSFER FROM 4897736162097	 	1.00	6,084.85
15 Jul 2023	15 Jul 2023	   BY TRANSFER-NEFT*RBIS0GOKLEP*RBI1972373875195*DIRECTOR OF TREA--	TRANSFER FROM 4697238044306	 	3,200.00	9,284.85
15 Jul 2023	15 Jul 2023	   TO TRANSFER-UPI/DR/319617944696/SBIMOPS/SBIN/sbimops@sb/MOPSUP--	TRANSFER TO 4897695162091	100.00	 	9,184.85
18 Jul 2023	18 Jul 2023	   BY TRANSFER-UPI/CR/319962091878/SEETHA  R/SBIN/seethaanil/UPI--	TRANSFER FROM 4897733162090	 	3,000.00	12,184.85
18 Jul 2023	18 Jul 2023	   TO TRANSFER-UPI/DR/319911958313/S S AGEN/ICIC/ssagencies/Anil--	TRANSFER TO 4897691162095	4,933.00	 	7,251.85
18 Jul 2023	18 Jul 2023	   TO TRANSFER-UPI/DR/319916208131/MUHAMMAD/FDRL/Q362581292/Anil--	TRANSFER TO 4897691162095	1,095.00	 	6,156.85
19 Jul 2023	19 Jul 2023	   TO TRANSFER-UPI/DR/320019072941/PRADHAN /YESB/Q290032705/NO RE--	TRANSFER TO 4897692162094	96.00	 	6,060.85
20 Jul 2023	20 Jul 2023	   TO TRANSFER-UPI/DR/320112493470/Priya Fl/UTIB/8157934209/NO RE--	TRANSFER TO 4897693162093	224.00	 	5,836.85
23 Jul 2023	23 Jul 2023	   DEBIT-ATMCard AMC  544670*7839--		147.50	 	5,689.35
29 Jul 2023	29 Jul 2023	   TO TRANSFER-UPI/DR/321019389014/Shijith /SBIN/8848743487/NO RE--	TRANSFER TO 4897695162091	10.00	 	5,679.35
31 Jul 2023	31 Jul 2023	   TO TRANSFER-UPI/DR/321216765108/ASWIN S/HDFC/aswinshaij/NO REM--	TRANSFER TO 4897690162095	10.00	 	5,669.35
7 Aug 2023	7 Aug 2023	   TO TRANSFER-UPI/DR/321911620867/S S AGEN/ICIC/ssagencies/Anil--	TRANSFER TO 4897690162095	703.00	 	4,966.35
9 Aug 2023	9 Aug 2023	   TO TRANSFER-UPI/DR/322110218681/NISHAD/SIBL/QR.NISHADD/NO REMA--	TRANSFER TO 4897692162094	280.00	 	4,686.35
17 Aug 2023	17 Aug 2023	   TO TRANSFER-UPI/DR/322913177645/N H FAST/PYTM/paytmqr281/NO RE--	TRANSFER TO 4897693162093	260.00	 	4,426.35
18 Aug 2023	18 Aug 2023	   BY TRANSFER-UPI/CR/323094147706/RAFI DAL/SBIN/rafidalphd/UPI--	TRANSFER FROM 4897736162097	 	100.00	4,526.35
18 Aug 2023	18 Aug 2023	   BY TRANSFER-UPI/CR/323007715385/ASWIN  S/UBIN/aswinshaij/UPI--	TRANSFER FROM 4897736162097	 	50.00	4,576.35
18 Aug 2023	18 Aug 2023	   TO TRANSFER-UPI/DR/323017062575/Indian O/YESB/Q688559024/NO RE--	TRANSFER TO 4897694162092	50.00	 	4,526.35
21 Aug 2023	21 Aug 2023	   TO TRANSFER-UPI/DR/323312088135/YOHANNAN/KKBK/8138810462/UPI--	TRANSFER TO 4897690162095	1.00	 	4,525.35
21 Aug 2023	21 Aug 2023	   TO TRANSFER-UPI/DR/323317303110/PRADHAN /YESB/Q290032705/NO RE--	TRANSFER TO 4897690162095	58.00	 	4,467.35
21 Aug 2023	21 Aug 2023	   TO TRANSFER-UPI/DR/323317309305/SHAJI N S/YESB/Q180383106/NO R--	TRANSFER TO 4897690162095	50.00	 	4,417.35
23 Aug 2023	23 Aug 2023	   BY TRANSFER-UPI/CR/323593118671/VINOD CH/FDRL/vinodchand/Abaam--	TRANSFER FROM 4897734162099	 	700.00	5,117.35
24 Aug 2023	24 Aug 2023	   TO TRANSFER-UPI/DR/323612232626/DINING R/HDFC/Vyapar.167/NO RE--	TRANSFER TO 4897693162093	120.00	 	4,997.35
24 Aug 2023	24 Aug 2023	   TO TRANSFER-UPI/DR/323613233142/DINING R/HDFC/Vyapar.167/NO RE--	TRANSFER TO 4897693162093	6.00	 	4,991.35
24 Aug 2023	24 Aug 2023	   TO TRANSFER-UPI/DR/323613273324/Francis /PYTM/paytmqr1tw/NO RE--	TRANSFER TO 4897693162093	210.00	 	4,781.35
28 Aug 2023	28 Aug 2023	   TO TRANSFER-UPI/DR/324012126348/Shijith /SBIN/8848743487/NO RE--	TRANSFER TO 4897690162095	100.00	 	4,681.35
29 Aug 2023	29 Aug 2023	   TO TRANSFER-UPI/DR/324110808651/BHIM Bil/SBIN/billpay.sb/NO RE--	TRANSFER TO 4897691162095	16.00	 	4,665.35
3 Sep 2023	3 Sep 2023	   TO TRANSFER-UPI/DR/324610948564/ANTONY M J/YESB/Q665644545/NO--	TRANSFER TO 4897696162090	18.00	 	4,647.35
5 Sep 2023	5 Sep 2023	   BY TRANSFER-UPI/CR/324825255132/VINOD CH/FDRL/vinodchand/Abaam--	TRANSFER FROM 4897733162090	 	700.00	5,347.35
5 Sep 2023	5 Sep 2023	   BY TRANSFER-UPI/CR/324840419632/VINOD CH/FDRL/vinodchand/Abaam--	TRANSFER FROM 4897733162090	 	700.00	6,047.35
6 Sep 2023	6 Sep 2023	   TO TRANSFER-UPI/DR/361522259510/Flipkart/PYTM/paytm-5650/OidPZ--	TRANSFER TO 4897692162094	1,409.00	 	4,638.35
8 Sep 2023	8 Sep 2023	   TO TRANSFER-UPI/DR/325112143265/SHAJI N S/YESB/Q202776741/NO R--	TRANSFER TO 4897694162092	15.00	 	4,623.35
8 Sep 2023	8 Sep 2023	   TO TRANSFER-UPI/DR/325105621266/UMESH KU/HDFC/umeshkumar/UPI--	TRANSFER TO 4897694162092	1,400.00	 	3,223.35
8 Sep 2023	8 Sep 2023	   TO TRANSFER-UPI/DR/325118446787/Muhammed/PYTM/paytmqr281/NO RE--	TRANSFER TO 4897694162092	30.00	 	3,193.35
10 Sep 2023	10 Sep 2023	   TO TRANSFER-UPI/DR/325312729436/AMAZON S/HDFC/amazonsell/NO RE--	TRANSFER TO 4897696162090	189.00	 	3,004.35
12 Sep 2023	12 Sep 2023	   BY TRANSFER-UPI/CR/325550271479/SEETHA  R/SBIN/seethaanil/UPI--	TRANSFER FROM 4897733162090	 	2,000.00	5,004.35
12 Sep 2023	12 Sep 2023	   TO TRANSFER-UPI/DR/325519677187/LIBU  VA/SBIN/libuvk80@o/Seeth--	TRANSFER TO 4897691162095	2,800.00	 	2,204.35
17 Sep 2023	17 Sep 2023	   BY TRANSFER-UPI/CR/326085915128/VINOD CH/HDFC/vinodchand/VVM s--	TRANSFER FROM 4897738162095	 	700.00	2,904.35
18 Sep 2023	18 Sep 2023	   BY TRANSFER-UPI/CR/362780292753/SEETHA  R/SBIN/seethaanil/UPI--	TRANSFER FROM 4897732162091	 	4,000.00	6,904.35
18 Sep 2023	18 Sep 2023	   TO TRANSFER-UPI/DR/326110726209/S S AGEN/HDFC/SSAGENCIES/NO RE--	TRANSFER TO 4897690162095	2,084.00	 	4,820.35
19 Sep 2023	19 Sep 2023	   TO TRANSFER-UPI/DR/326210384278/BHIM Bil/SBIN/billpay.sb/NO RE--	TRANSFER TO 4897691162095	2,533.00	 	2,287.35
20 Sep 2023	20 Sep 2023	   TO TRANSFER-UPI/DR/326317367757/VISHNUMO/UJVN/vishnumoor/Nanda--	TRANSFER TO 4897692162094	1,000.00	 	1,287.35
20 Sep 2023	20 Sep 2023	   BY TRANSFER-UPI/CR/326333763981/VINOD CH/FDRL/vinodchand/Abaam--	TRANSFER FROM 4897734162099	 	700.00	1,987.35
24 Sep 2023	24 Sep 2023	   BY TRANSFER-UPI/CR/326797520239/Mr Love /IDIB/8840879087/Payme--	TRANSFER FROM 4897738162095	 	605.00	2,592.35
25 Sep 2023	25 Sep 2023	   CREDIT INTEREST---		 	35.00	2,627.35
26 Sep 2023	26 Sep 2023	   BY TRANSFER-UPI/CR/326980670554/SACHIN/CNRB/7056925226/Payment--	TRANSFER FROM 4897733162090	 	182.00	2,809.35
26 Sep 2023	26 Sep 2023	   BY TRANSFER-UPI/CR/326936486179/Surendran/SBIN/9895925731/Paym--	TRANSFER FROM 4897733162090	 	30.00	2,839.35
26 Sep 2023	26 Sep 2023	   TO TRANSFER-UPI/DR/326915568453/S S AGEN/HDFC/SSAGENCIES/Anil--	TRANSFER TO 4897691162095	1,880.00	 	959.35
2 Oct 2023	2 Oct 2023	   BY TRANSFER-UPI/CR/364118569854/VISHNUMO/UJVN/vishnumoor/UPI--	TRANSFER FROM 4897732162091	 	1,000.00	1,959.35
3 Oct 2023	3 Oct 2023	   CASH DEPOSIT-CASH DEPOSIT SELF--		 	5,000.00	6,959.35
3 Oct 2023	3 Oct 2023	   TO TRANSFER-UPI/DR/327615199625/BHIM Bil/SBIN/billpay.sb/NO RE--	TRANSFER TO 4897691162095	98.00	 	6,861.35
4 Oct 2023	4 Oct 2023	   TO TRANSFER-UPI/DR/327711829458/ALAGARSAMY/PYTM/paytmqrpc4/NO--	TRANSFER TO 4897692162094	40.00	 	6,821.35
5 Oct 2023	5 Oct 2023	   TO TRANSFER-UPI/DR/327813815766/DIVAGAR /IOBA/divagarsar/NO RE--	TRANSFER TO 4897693162093	2,450.00	 	4,371.35
5 Oct 2023	5 Oct 2023	   TO TRANSFER-UPI/DR/327813836229/Mr Balaj/PYTM/paytmqr281/NO RE--	TRANSFER TO 4897693162093	260.00	 	4,111.35
5 Oct 2023	5 Oct 2023	   TO TRANSFER-UPI/DR/327816978222/VIGNESH  S/CNRB/Q59664784@/NO--	TRANSFER TO 4897693162093	150.00	 	3,961.35
5 Oct 2023	5 Oct 2023	   BY TRANSFER-UPI/CR/327834795421/SAI KRIS/HDFC/saikrishna/UPI--	TRANSFER FROM 4897735162098	 	1,000.00	4,961.35
6 Oct 2023	6 Oct 2023	   TO TRANSFER-UPI/DR/327907408551/KOCHI ME/UTIB/MAB.037244/NO RE--	TRANSFER TO 4897694162092	15.00	 	4,946.35
8 Oct 2023	8 Oct 2023	   BY TRANSFER-UPI/CR/364730139951/SEETHA  R/SBIN/seethaanil/UPI--	TRANSFER FROM 4897738162095	 	1,000.00	5,946.35
8 Oct 2023	8 Oct 2023	   ATM WDL-ATM CASH 4071  SBI ERAMALLOOR BRANCH CHERTHALA--		4,000.00	 	1,946.35
9 Oct 2023	9 Oct 2023	   BY TRANSFER-UPI/CR/328270449658/SIBICHAN/FDRL/sibichanan/UPI--	TRANSFER FROM 4897732162091	 	25.00	1,971.35
10 Oct 2023	10 Oct 2023	   BY TRANSFER-UPI/CR/328303431149/MANU MAN/SBIN/manumanas0/UPI--	TRANSFER FROM 4897733162090	 	50.00	2,021.35
16 Oct 2023	16 Oct 2023	   BY TRANSFER-UPI/CR/328962168708/SANTHOSH/SBIN/kurisingal/UPI--	TRANSFER FROM 4897732162091	 	40.00	2,061.35
16 Oct 2023	16 Oct 2023	   BY TRANSFER-UPI/CR/365591475374/ANJU  M /SBIN/anjupravee/UPI--	TRANSFER FROM 4897732162091	 	40.00	2,101.35
16 Oct 2023	16 Oct 2023	   TO TRANSFER-UPI/DR/328913480618/S  ANILK/SBIN/8078435453/NO RE--	TRANSFER TO 4897690162095	80.00	 	2,021.35
17 Oct 2023	17 Oct 2023	   BY TRANSFER-UPI/CR/329062180133/VINOD CH/FDRL/vinodchand/Abaam--	TRANSFER FROM 4897733162090	 	700.00	2,721.35
19 Oct 2023	19 Oct 2023	   BY TRANSFER-UPI/CR/329291517549/S  ANILK/SBIN/kollasseri/UPI--	TRANSFER FROM 4897735162098	 	4,000.00	6,721.35
19 Oct 2023	19 Oct 2023	   TO TRANSFER-UPI/DR/329215024582/Emay Pet/YESB/Q893187989/NO RE--	TRANSFER TO 4897693162093	110.00	 	6,611.35
19 Oct 2023	19 Oct 2023	   TO TRANSFER-UPI/DR/329215036575/S S AGEN/HDFC/SSAGENCIES/NO RE--	TRANSFER TO 4897693162093	1,892.00	 	4,719.35
19 Oct 2023	19 Oct 2023	   TO TRANSFER-UPI/DR/329217129483/THOMAS  /YESB/Q852913724/NO RE--	TRANSFER TO 4897693162093	35.00	 	4,684.35
20 Oct 2023	20 Oct 2023	   TO TRANSFER-UPI/DR/329312676828/Ecom Xpr/YESB/payphiecom/NO RE--	TRANSFER TO 4897694162092	1,990.00	 	2,694.35
22 Oct 2023	22 Oct 2023	   BY TRANSFER-UPI/CR/329530362497/DWIMALU /SBIN/dwimalubor/UPI--	TRANSFER FROM 4897738162095	 	42.00	2,736.35
22 Oct 2023	22 Oct 2023	   TO TRANSFER-UPI/DR/329512335347/UPILITE--	TRANSFER TO 4695809162097	500.00	 	2,236.35
22 Oct 2023	22 Oct 2023	   BY TRANSFER-UPI/CR/366193876136/SORITA B/FDRL/soritabhum/UPI--	TRANSFER FROM 4897738162095	 	129.00	2,365.35
24 Oct 2023	24 Oct 2023	   BY TRANSFER-UPI/CR/329709526808/S  ANILK/SBIN/kollasseri/UPI--	TRANSFER FROM 4897733162090	 	2,000.00	4,365.35
24 Oct 2023	24 Oct 2023	   TO TRANSFER-UPI/DR/329710691840/ASHIK AU/PYTM/paytmqr1eu/Oil 8--	TRANSFER TO 4897691162095	1,440.00	 	2,925.35
24 Oct 2023	24 Oct 2023	   BY TRANSFER-UPI/CR/329700894507/RAJVEER/CNRB/rajveerdix/Paymen--	TRANSFER FROM 4897733162090	 	200.00	3,125.35
26 Oct 2023	26 Oct 2023	   TO TRANSFER-UPI/DR/329913352871/DEVINAND/KSBK/9778130258/NO RE--	TRANSFER TO 4897693162093	30.00	 	3,095.35
27 Oct 2023	27 Oct 2023	   BY TRANSFER-UPI/CR/330094561459/SOMESH S/UBIN/7736780930/Payme--	TRANSFER FROM 4897736162097	 	39.00	3,134.35
27 Oct 2023	27 Oct 2023	   BY TRANSFER-UPI/CR/330098259306/DEVINAND/KSBK/nandanams5/UPI--	TRANSFER FROM 4897736162097	 	30.00	3,164.35
28 Oct 2023	28 Oct 2023	   TO TRANSFER-UPI/DR/330114962503/DEVINAND/KSBK/9778130258/NO RE--	TRANSFER TO 4897695162091	500.00	 	2,664.35
30 Oct 2023	30 Oct 2023	   TO TRANSFER-UPI/DR/330311361390/Tony Xav/PYTM/paytmqr1hl/NO RE--	TRANSFER TO 4897690162095	30.00	 	2,634.35
31 Oct 2023	31 Oct 2023	   TO TRANSFER-UPI/DR/330413278270/SUNILKUM/YESB/Q946915940/NO RE--	TRANSFER TO 4897691162095	470.00	 	2,164.35
2 Nov 2023	2 Nov 2023	   TO TRANSFER-UPI/DR/330615358850/S S AGEN/HDFC/SSAGENCIES/NO RE--	TRANSFER TO 4897693162093	153.00	 	2,011.35
5 Nov 2023	5 Nov 2023	   BY TRANSFER-UPI/CR/330915745459/S  ANILK/SBIN/kollasseri/UPI--	TRANSFER FROM 4897738162095	 	2,000.00	4,011.35
5 Nov 2023	5 Nov 2023	   BY TRANSFER-UPI/CR/330917454400/S  ANILK/SBIN/kollasseri/UPI--	TRANSFER FROM 4897738162095	 	2,000.00	6,011.35
5 Nov 2023	5 Nov 2023	   TO TRANSFER-UPI/DR/330909705947/SUNILKUM/YESB/Q946915940/NO RE--	TRANSFER TO 4897696162090	5,212.00	 	799.35
6 Nov 2023	6 Nov 2023	   BY TRANSFER-UPI/CR/367626811755/SEETHA  R/SBIN/seethaanil/UPI--	TRANSFER FROM 4897732162091	 	5,000.00	5,799.35
6 Nov 2023	6 Nov 2023	   BY TRANSFER-UPI/CR/331068898887/DHENIS  /SBIN/shajankj19/UPI--	TRANSFER FROM 4897732162091	 	50.00	5,849.35
8 Nov 2023	8 Nov 2023	   ATM WDL-ATM CASH 41069 SBI EZHUPUNNA OFFSITE ALAPPUZHA--		4,000.00	 	1,849.35
9 Nov 2023	9 Nov 2023	   TO TRANSFER-UPI/DR/331314439098/Indian O/YESB/Q90213198@/NO RE--	TRANSFER TO 4897693162093	300.00	 	1,549.35
11 Nov 2023	11 Nov 2023	   BY TRANSFER-UPI/CR/331555802720/DEVINAND/KSBK/nandanams5/UPI--	TRANSFER FROM 4897737162096	 	500.00	2,049.35
14 Nov 2023	14 Nov 2023	   TO TRANSFER-UPI/DR/331807313202/HP Petro/YESB/Q66258479@/NO RE--	TRANSFER TO 4897691162095	300.00	 	1,749.35
14 Nov 2023	14 Nov 2023	   TO TRANSFER-UPI/DR/331817746632/AKEEM SO/YESB/Q691724038/NO RE--	TRANSFER TO 4897691162095	28.00	 	1,721.35
14 Nov 2023	14 Nov 2023	   TO TRANSFER-UPI/DR/331817754721/AKEEM SO/YESB/Q691724038/NO RE--	TRANSFER TO 4897691162095	10.00	 	1,711.35
15 Nov 2023	15 Nov 2023	   TO TRANSFER-UPI/DR/331910110826/BSNL BIL/HDFC/bsnl.billd/Pay--	TRANSFER TO 4897692162094	98.00	 	1,613.35
15 Nov 2023	15 Nov 2023	   BY TRANSFER-INB EXPENSE--	CTZ5045485               TRANSFER FROM 33866067524	 	1,000.00	2,613.35
15 Nov 2023	15 Nov 2023	   TO TRANSFER-UPI/DR/331918536012/Tony Xav/PYTM/paytmqr1hl/NO RE--	TRANSFER TO 4897692162094	30.00	 	2,583.35
16 Nov 2023	16 Nov 2023	   TO TRANSFER-UPI/DR/332008819341/Sreejamo/PYTM/paytmqr1hi/NO RE--	TRANSFER TO 4897693162093	18.00	 	2,565.35
16 Nov 2023	16 Nov 2023	   BY TRANSFER-UPI/CR/332038673125/Vishnuna/SBIN/killerbean/UPI--	TRANSFER FROM 4897735162098	 	60.00	2,625.35
17 Nov 2023	17 Nov 2023	   TO TRANSFER-UPI/DR/332107530792/HP Petro/YESB/Q66258479@/Petro--	TRANSFER TO 4897694162092	300.00	 	2,325.35
18 Nov 2023	18 Nov 2023	   TO TRANSFER-UPI/DR/332210373341/HP Petro/YESB/Q66258479@/NO RE--	TRANSFER TO 4897695162091	200.00	 	2,125.35
18 Nov 2023	18 Nov 2023	   TO TRANSFER-UPI/DR/332213519005/SHANMUGH/YESB/Q048994190/NO RE--	TRANSFER TO 4897695162091	110.00	 	2,015.35
18 Nov 2023	18 Nov 2023	   TO TRANSFER-UPI/DR/332213534194/ARUNA AJ/PYTM/paytmqr281/NO RE--	TRANSFER TO 4897695162091	18.00	 	1,997.35
20 Nov 2023	20 Nov 2023	   TO TRANSFER-UPI/DR/332414008158/Homely F/UTIB/gpay-11180/NO RE--	TRANSFER TO 4897690162095	220.00	 	1,777.35
20 Nov 2023	20 Nov 2023	   TO TRANSFER-UPI/DR/332417160353/AJI E S/CNRB/edappungal/NO REM--	TRANSFER TO 4897690162095	12.00	 	1,765.35
21 Nov 2023	21 Nov 2023	   TO TRANSFER-UPI/DR/332508475321/AKEEM SO/YESB/Q691724038/NO RE--	TRANSFER TO 4897691162095	28.00	 	1,737.35
21 Nov 2023	21 Nov 2023	   TO TRANSFER-UPI/DR/332518928144/AJITH RA/CNRB/ajithrajan/NO RE--	TRANSFER TO 4897691162095	45.00	 	1,692.35
21 Nov 2023	21 Nov 2023	   TO TRANSFER-UPI/DR/332519973120/AKEEM SO/YESB/Q691724038/NO RE--	TRANSFER TO 4897691162095	28.00	 	1,664.35
21 Nov 2023	21 Nov 2023	   TO TRANSFER-UPI/DR/332519009967/Shijith /SBIN/8848743487/NO RE--	TRANSFER TO 4897691162095	20.00	 	1,644.35
22 Nov 2023	22 Nov 2023	   TO TRANSFER-UPI/DR/332609228392/Aishwary/PYTM/paytm-8091/NO RE--	TRANSFER TO 4897692162094	200.00	 	1,444.35
22 Nov 2023	22 Nov 2023	   TO TRANSFER-UPI/DR/332611316293/Sivaprasad/INDB/im.2010117/Wd--	TRANSFER TO 4897692162094	160.00	 	1,284.35
22 Nov 2023	22 Nov 2023	   BY TRANSFER-INB EXPENSE--	CTZ5876851               TRANSFER FROM 33866067524	 	1,000.00	2,284.35
22 Nov 2023	22 Nov 2023	   BY TRANSFER-UPI/CR/332684687007/VYSHAKH /UBIN/vyshakhmra/UPI--	TRANSFER FROM 4897734162099	 	25.00	2,309.35
22 Nov 2023	22 Nov 2023	   TO TRANSFER-UPI/DR/332617608347/ANANTHAN/SBIN/8943227762/NO RE--	TRANSFER TO 4897692162094	240.00	 	2,069.35
23 Nov 2023	23 Nov 2023	   TO TRANSFER-UPI/DR/332711160756/STERLING/YESB/Q070841943/Petro--	TRANSFER TO 4897693162093	200.00	 	1,869.35
23 Nov 2023	23 Nov 2023	   TO TRANSFER-UPI/DR/332714300863/Homely F/UTIB/gpay-11180/NO RE--	TRANSFER TO 4897693162093	100.00	 	1,769.35
23 Nov 2023	23 Nov 2023	   TO TRANSFER-UPI/DR/332715376235/PC Auto /PYTM/paytmqr281/NO RE--	TRANSFER TO 4897693162093	200.00	 	1,569.35
24 Nov 2023	24 Nov 2023	   TO TRANSFER-UPI/DR/332809802188/Indian O/YESB/Q07410292@/NO RE--	TRANSFER TO 4897694162092	300.00	 	1,269.35
24 Nov 2023	24 Nov 2023	   BY TRANSFER-UPI/CR/332873775950/VYSHAKH /UBIN/vyshakhmra/UPI--	TRANSFER FROM 4897736162097	 	65.00	1,334.35
24 Nov 2023	24 Nov 2023	   TO TRANSFER-UPI/DR/332817206655/Photons/UTIB/gpay-11234/Print--	TRANSFER TO 4897694162092	10.00	 	1,324.35
24 Nov 2023	24 Nov 2023	   TO TRANSFER-UPI/DR/332817214072/Photons/UTIB/gpay-11234/NO REM--	TRANSFER TO 4897694162092	20.00	 	1,304.35
25 Nov 2023	25 Nov 2023	   TO TRANSFER-UPI/DR/332823452431/PRABHA F/PYTM/paytmqr18l/NO RE--	TRANSFER TO 4897695162091	250.00	 	1,054.35
25 Nov 2023	25 Nov 2023	   TO TRANSFER-UPI/DR/332911611338/Vishnu/YESB/Q244327610/NO REMA--	TRANSFER TO 4897695162091	250.00	 	804.35
25 Nov 2023	25 Nov 2023	   TO TRANSFER-UPI/DR/332912680714/LABORATO/YESB/Q946359989/Therm--	TRANSFER TO 4897695162091	800.00	 	4.35
28 Nov 2023	28 Nov 2023	   BY TRANSFER-INB EXPENSE--	CTZ6546725               TRANSFER FROM 33866067524	 	2,000.00	2,004.35
28 Nov 2023	28 Nov 2023	   TO TRANSFER-UPI/DR/333215819053/REBIN A R/YESB/Q292684724/Bike--	TRANSFER TO 4897691162095	50.00	 	1,954.35
28 Nov 2023	28 Nov 2023	   TO TRANSFER-UPI/DR/333215835534/VYSHAKH /UBIN/8075310357/NO RE--	TRANSFER TO 4897691162095	95.00	 	1,859.35
28 Nov 2023	28 Nov 2023	   TO TRANSFER-UPI/DR/333216873083/ANANTHAN/SBIN/ananthanar/NO RE--	TRANSFER TO 4897691162095	1,000.00	 	859.35
28 Nov 2023	28 Nov 2023	   TO TRANSFER-UPI/DR/333219026563/Swapna S/UTIB/9447442617/NO RE--	TRANSFER TO 4897691162095	800.00	 	59.35
28 Nov 2023	28 Nov 2023	   BY TRANSFER-UPI/CR/333223372723/SEETHA  R/SBIN/seethaanil/UPI--	TRANSFER FROM 4897733162090	 	500.00	559.35
28 Nov 2023	28 Nov 2023	   TO TRANSFER-UPI/DR/333219048788/TONEY ME/HDFC/Vyapar.168/NO RE--	TRANSFER TO 4897691162095	37.00	 	522.35
29 Nov 2023	29 Nov 2023	   TO TRANSFER-UPI/DR/333306205040/BSNL BIL/HDFC/bsnl.billd/Pay--	TRANSFER TO 4897692162094	118.00	 	404.35
29 Nov 2023	29 Nov 2023	   BY TRANSFER-UPI/CR/333371383420/SEETHA  R/SBIN/seethaanil/UPI--	TRANSFER FROM 4897734162099	 	2,000.00	2,404.35
29 Nov 2023	29 Nov 2023	   TO TRANSFER-UPI/DR/333307214142/UPILITE--	TRANSFER TO 4695809162097	500.00	 	1,904.35
30 Nov 2023	30 Nov 2023	   BY TRANSFER-UPI/CR/333419557232/ANANTHAN/SBIN/ananthanar/UPI--	TRANSFER FROM 4897735162098	 	1,000.00	2,904.35
30 Nov 2023	30 Nov 2023	   BY TRANSFER-UPI/CR/370097341822/VYSHAKH /UBIN/vyshakhmra/UPI--	TRANSFER FROM 4897735162098	 	10.00	2,914.35
1 Dec 2023	1 Dec 2023	   TO TRANSFER-UPI/DR/333513036203/BP Petro/YESB/Q721055399/NO RE--	TRANSFER TO 4897694162092	200.00	 	2,714.35
1 Dec 2023	1 Dec 2023	   TO TRANSFER-UPI/DR/333513093554/Kerala K/PYTM/paytmqr281/NO RE--	TRANSFER TO 4897694162092	230.00	 	2,484.35
1 Dec 2023	1 Dec 2023	   BY TRANSFER-INB EXPENSE--	CTZ7045312               TRANSFER FROM 33866067524	 	1,000.00	3,484.35
2 Dec 2023	2 Dec 2023	   TO TRANSFER-UPI/DR/333610823713/DEEPA  G/SBIN/deepumol6@/NO RE--	TRANSFER TO 4897695162091	400.00	 	3,084.35
2 Dec 2023	2 Dec 2023	   BY TRANSFER-UPI/CR/333682465206/DEEPA  G/SBIN/deepumol6@/UPI--	TRANSFER FROM 4897737162096	 	400.00	3,484.35
2 Dec 2023	2 Dec 2023	   TO TRANSFER-UPI/DR/333612903673/A M Sadick/PYTM/paytmqr281/NO--	TRANSFER TO 4897695162091	250.00	 	3,234.35
2 Dec 2023	2 Dec 2023	   TO TRANSFER-UPI/DR/333614053061/ANANTHAN/SBIN/8943227762/NO RE--	TRANSFER TO 4897695162091	700.00	 	2,534.35
3 Dec 2023	3 Dec 2023	   TO TRANSFER-UPI/DR/370313013662/Jio Prep/PYTM/paytm-jiom/OidBR--	TRANSFER TO 4897696162090	199.00	 	2,335.35
4 Dec 2023	4 Dec 2023	   TO TRANSFER-UPI/DR/333810498957/Amma Res/UTIB/gpay-11178/Break--	TRANSFER TO 4897690162095	71.00	 	2,264.35
4 Dec 2023	4 Dec 2023	   TO TRANSFER-UPI/DR/333814697633/ICH MAVE/PYTM/paytmqr281/Lunch--	TRANSFER TO 4897690162095	210.00	 	2,054.35
4 Dec 2023	4 Dec 2023	   TO TRANSFER-UPI/DR/333814713300/RENJITH /SBIN/renjithven/NO RE--	TRANSFER TO 4897690162095	300.00	 	1,754.35
4 Dec 2023	4 Dec 2023	   BY TRANSFER-INB EXPENSE--	CTZ7435878               TRANSFER FROM 33866067524	 	1,000.00	2,754.35
5 Dec 2023	5 Dec 2023	   TO TRANSFER-UPI/DR/333909191865/NARASIMH/PYTM/paytmqr281/NO RE--	TRANSFER TO 4897691162095	250.00	 	2,504.35
5 Dec 2023	5 Dec 2023	   BY TRANSFER-UPI/CR/333951665147/ANANTHAN/SBIN/ananthanar/UPI--	TRANSFER FROM 4897733162090	 	700.00	3,204.35
5 Dec 2023	5 Dec 2023	   TO TRANSFER-UPI/DR/333913416022/SREEJITH/YESB/Q840233104/Lunch--	TRANSFER TO 4897691162095	100.00	 	3,104.35
5 Dec 2023	5 Dec 2023	   TO TRANSFER-UPI/DR/333913418116/ANANTHAN/SBIN/8943227762/Lunch--	TRANSFER TO 4897691162095	70.00	 	3,034.35
5 Dec 2023	5 Dec 2023	   TO TRANSFER-UPI/DR/333914460647/MADHAVAM/PYTM/paytmqr281/Ptrl--	TRANSFER TO 4897691162095	300.00	 	2,734.35
5 Dec 2023	5 Dec 2023	   BY TRANSFER-INB Salary Payment--	CTZ7638035               TRANSFER FROM 33866067524	 	9,000.00	11,734.35
5 Dec 2023	5 Dec 2023	   TO TRANSFER-UPI/DR/333919723133/Tuniram /AIRP/taidmusha@/NO RE--	TRANSFER TO 4897691162095	300.00	 	11,434.35
5 Dec 2023	5 Dec 2023	   TO TRANSFER-UPI/DR/333920776364/SEETHA  R/SBIN/9446917665/NO R--	TRANSFER TO 4897691162095	5,000.00	 	6,434.35
6 Dec 2023	6 Dec 2023	   BY TRANSFER-UPI/CR/334067116140/SEETHA  R/SBIN/seethaanil/UPI--	TRANSFER FROM 4897734162099	 	1.00	6,435.35
6 Dec 2023	6 Dec 2023	   TO TRANSFER-UPI/DR/370651029443/amazon p/YESB/amazonpayg/You a--	TRANSFER TO 4897692162094	396.00	 	6,039.35
6 Dec 2023	6 Dec 2023	   BY TRANSFER-UPI/CR/334014067112/ANOOPA K/IBKL/anoopakuri/UPI--	TRANSFER FROM 4897734162099	 	60.00	6,099.35
6 Dec 2023	6 Dec 2023	   TO TRANSFER-UPI/DR/334011055804/VELIYIL /PYTM/paytm-8924/NO RE--	TRANSFER TO 4897692162094	300.00	 	5,799.35
6 Dec 2023	6 Dec 2023	   TO TRANSFER-UPI/DR/334014221240/HARIDASA/YESB/Q290840454/NO RE--	TRANSFER TO 4897692162094	120.00	 	5,679.35
6 Dec 2023	6 Dec 2023	   TO TRANSFER-UPI/DR/334018429427/TOP HAVE/SBIN/tophaven@s/Serv--	TRANSFER TO 4897692162094	1,067.00	 	4,612.35
7 Dec 2023	7 Dec 2023	   TO TRANSFER-UPI/DR/334108767514/AKEEM SO/YESB/Q691724038/Katta--	TRANSFER TO 4897693162093	28.00	 	4,584.35
7 Dec 2023	7 Dec 2023	   TO TRANSFER-UPI/DR/334109795685/Machiner/UTIB/9495215707/Drill--	TRANSFER TO 4897693162093	2,000.00	 	2,584.35
7 Dec 2023	7 Dec 2023	   BY TRANSFER-UPI/CR/334165446009/ANANTHAN/SBIN/ananthanar/UPI--	TRANSFER FROM 4897735162098	 	50.00	2,634.35
7 Dec 2023	7 Dec 2023	   TO TRANSFER-UPI/DR/334145853347/Flipkart/PYTM/paytm-5650/OidPZ--	TRANSFER TO 4897693162093	487.00	 	2,147.35
8 Dec 2023	8 Dec 2023	   TO TRANSFER-UPI/DR/334213781016/Ongo Mer/INDB/ongo.BPC01/Jup p--	TRANSFER TO 4897694162092	300.00	 	1,847.35
8 Dec 2023	8 Dec 2023	   TO TRANSFER-UPI/DR/334214803245/MUHAMMED/YESB/BHARATPE90/Pay t--	TRANSFER TO 4897694162092	60.00	 	1,787.35
8 Dec 2023	8 Dec 2023	   TO TRANSFER-UPI/DR/334214808784/KAKKASSERY/PYTM/paytmqr1w2/Mar--	TRANSFER TO 4897694162092	150.00	 	1,637.35
8 Dec 2023	8 Dec 2023	   BY TRANSFER-INB EXPENSE--	CTZ8121116               TRANSFER FROM 33866067524	 	5,000.00	6,637.35
8 Dec 2023	8 Dec 2023	   TO TRANSFER-UPI/DR/334214829358/NIJI/PYTM/paytmqr281/Lunch--	TRANSFER TO 4897694162092	70.00	 	6,567.35
9 Dec 2023	9 Dec 2023	   TO TRANSFER-UPI/DR/334310374292/MATHA EL/FDRL/matha1153@/NO RE--	TRANSFER TO 4897695162091	130.00	 	6,437.35
9 Dec 2023	9 Dec 2023	   TO TRANSFER-UPI/DR/334310377148/MATHA EL/FDRL/matha1153@/NO RE--	TRANSFER TO 4897695162091	120.00	 	6,317.35
9 Dec 2023	9 Dec 2023	   TO TRANSFER-UPI/DR/334312513486/PC Auto /PYTM/paytmqr281/NO RE--	TRANSFER TO 4897695162091	300.00	 	6,017.35
9 Dec 2023	9 Dec 2023	   BY TRANSFER-INB IMPS334318121164/6282195453/XX0293/Indmoney P--	MAO000019061452          MAO000019061452          	 	1.00	6,018.35
9 Dec 2023	9 Dec 2023	   TO TRANSFER-UPI/DR/334318819377/INDmoney/ICIC/indmoney1./Payvi--	TRANSFER TO 4897695162091	1,000.00	 	5,018.35
9 Dec 2023	9 Dec 2023	   TO TRANSFER-UPI/DR/370951860840/ASWIN  S/UBIN/aswinshaij/UPI--	TRANSFER TO 4897695162091	100.00	 	4,918.35
10 Dec 2023	10 Dec 2023	   BY TRANSFER-UPI/CR/371013628295/SEETHA  R/SBIN/seethaanil/UPI--	TRANSFER FROM 4897738162095	 	1.00	4,919.35
11 Dec 2023	11 Dec 2023	   BY TRANSFER-UPI/CR/334589597850/ANANTHAN/SBIN/ananthanar/UPI--	TRANSFER FROM 4897732162091	 	60.00	4,979.35
11 Dec 2023	11 Dec 2023	   BY TRANSFER-NEFT*HDFC0000240*N345232779829592*INDMONEY PVT LTD--	TRANSFER FROM 4697249044303	 	800.00	5,779.35
12 Dec 2023	12 Dec 2023	   TO TRANSFER-UPI/DR/334611729989/KALAMPAR/PYTM/paytmqr1r4/NO RE--	TRANSFER TO 4897691162095	30.00	 	5,749.35
12 Dec 2023	12 Dec 2023	   TO TRANSFER-UPI/DR/334611755653/A M Sadick/PYTM/paytmqr281/NO--	TRANSFER TO 4897691162095	300.00	 	5,449.35
12 Dec 2023	12 Dec 2023	   BY TRANSFER-NEFT*HDFC0000240*N346232781015969*INDMONEY PVT LTD--	TRANSFER FROM 4697206044303	 	200.00	5,649.35
12 Dec 2023	12 Dec 2023	   TO TRANSFER-UPI/DR/334613847941/Pavithran/PYTM/paytmqremw/Lunc--	TRANSFER TO 4897691162095	140.00	 	5,509.35
12 Dec 2023	12 Dec 2023	   BY TRANSFER-UPI/CR/371253054355/VYSHAKH /UBIN/vyshakhmra/UPI--	TRANSFER FROM 4897733162090	 	20.00	5,529.35
12 Dec 2023	12 Dec 2023	   TO TRANSFER-UPI/DR/334614886864/POPULAR /FDRL/br115996b@/Bush--	TRANSFER TO 4897691162095	8.00	 	5,521.35
12 Dec 2023	12 Dec 2023	   BY TRANSFER-INB EXPENSE--	CT000BPOT7               TRANSFER FROM 33866067524	 	1,000.00	6,521.35
12 Dec 2023	12 Dec 2023	   BY TRANSFER-UPI/CR/334628491570/ANOOPA K/IBKL/anoopakuri/UPI--	TRANSFER FROM 4897733162090	 	40.00	6,561.35
12 Dec 2023	12 Dec 2023	   TO TRANSFER-UPI/DR/334616985604/SANJEEV /YESB/Q506834371/NO RE--	TRANSFER TO 4897691162095	40.00	 	6,521.35
12 Dec 2023	12 Dec 2023	   TO TRANSFER-UPI/DR/334617028583/Vishnu/YESB/Q244327610/Jup pet--	TRANSFER TO 4897691162095	300.00	 	6,221.35
12 Dec 2023	12 Dec 2023	   TO TRANSFER-UPI/DR/334618055940/Khalid/PYTM/paytmqr2jy/NO REMA--	TRANSFER TO 4897691162095	95.00	 	6,126.35
12 Dec 2023	12 Dec 2023	   BULK POSTING-UPI/334312480965/REV--		 	1.00	6,127.35
13 Dec 2023	13 Dec 2023	   TO TRANSFER-UPI/DR/334709409548/VENUGOPA/YESB/Q409808154/NO RE--	TRANSFER TO 4897692162094	15.00	 	6,112.35
13 Dec 2023	13 Dec 2023	   TO TRANSFER-UPI/DR/334713590231/Star Hotel/PYTM/paytmqr281/Lun--	TRANSFER TO 4897692162094	120.00	 	5,992.35
13 Dec 2023	13 Dec 2023	   TO TRANSFER-UPI/DR/334714667342/ANANTHAN/SBIN/8943227762/Lunch--	TRANSFER TO 4897692162094	60.00	 	5,932.35
14 Dec 2023	14 Dec 2023	   TO TRANSFER-UPI/DR/334813362545/SANTHOSH/PYTM/paytmqr281/NO RE--	TRANSFER TO 4897693162093	120.00	 	5,812.35
14 Dec 2023	14 Dec 2023	   TO TRANSFER-UPI/DR/334813363290/ANANTHAN/SBIN/8943227762/Lunch--	TRANSFER TO 4897693162093	60.00	 	5,752.35
14 Dec 2023	14 Dec 2023	   TO TRANSFER-UPI/DR/334819667604/PRAVEEN /CNRB/podiyan4u-/NO RE--	TRANSFER TO 4897693162093	100.00	 	5,652.35
15 Dec 2023	15 Dec 2023	   TO TRANSFER-INB Groww- Mutual Funds--	NCRKSU3arLlMH2IGAQOSEIT9               TRANSFER TO	500.00	 	5,152.35
15 Dec 2023	15 Dec 2023	   TO TRANSFER-UPI/DR/334907860289/UPILITE--	TRANSFER TO 4695809162097	999.00	 	4,153.35
15 Dec 2023	15 Dec 2023	   BY TRANSFER-UPI/CR/371541581131/VYSHAKH /UBIN/vyshakhmra/UPI--	TRANSFER FROM 4897736162097	 	20.00	4,173.35
16 Dec 2023	16 Dec 2023	   TO TRANSFER-UPI/DR/335010716718/ANANTHAN/SBIN/8943227762/NO RE--	TRANSFER TO 4897695162091	500.00	 	3,673.35
18 Dec 2023	18 Dec 2023	   TO TRANSFER-UPI/DR/335207123978/HP Petro/YESB/Q66258479@/Puls--	TRANSFER TO 4897690162095	300.00	 	3,373.35
18 Dec 2023	18 Dec 2023	   BY TRANSFER-UPI/CR/335248396580/ANANTHAN/SBIN/ananthanar/750--	TRANSFER FROM 4897732162091	 	780.00	4,153.35
18 Dec 2023	18 Dec 2023	   TO TRANSFER-UPI/DR/335212314712/BSNL BIL/HDFC/bsnl.billd/Pay--	TRANSFER TO 4897690162095	1,959.02	 	2,194.33
18 Dec 2023	18 Dec 2023	   TO TRANSFER-UPI/DR/335215457593/Star Hotel/PYTM/paytmqr281/Lun--	TRANSFER TO 4897690162095	120.00	 	2,074.33
18 Dec 2023	18 Dec 2023	   TO TRANSFER-UPI/DR/335216491564/K A ABDU/PYTM/paytmqr281/Petro--	TRANSFER TO 4897690162095	300.00	 	1,774.33
19 Dec 2023	19 Dec 2023	   TO TRANSFER-UPI/DR/335308883859/BP Petro/YESB/Q340793413/Unico--	TRANSFER TO 4897691162095	300.00	 	1,474.33
19 Dec 2023	19 Dec 2023	   TO TRANSFER-UPI/DR/335311996469/M S TATT/ICIC/tattvamtra/Therm--	TRANSFER TO 4897691162095	160.00	 	1,314.33
19 Dec 2023	19 Dec 2023	   BY TRANSFER-INB EXPENSE--	CT000GWRS8               TRANSFER FROM 33866067524	 	5,000.00	6,314.33
19 Dec 2023	19 Dec 2023	   TO TRANSFER-UPI/DR/335313128300/Pavithran/PYTM/paytmqremw/Lunc--	TRANSFER TO 4897691162095	140.00	 	6,174.33
19 Dec 2023	19 Dec 2023	   TO TRANSFER-UPI/DR/335314158978/VYSHAKH /UBIN/vyshakhmra/Lunch--	TRANSFER TO 4897691162095	50.00	 	6,124.33
20 Dec 2023	20 Dec 2023	   TO TRANSFER-UPI/DR/335408625025/Emay Pet/YESB/Q593888109/Activ--	TRANSFER TO 4897692162094	250.00	 	5,874.33
20 Dec 2023	20 Dec 2023	   TO TRANSFER-UPI/DR/335412787264/Star Hotel/PYTM/paytmqr281/Lun--	TRANSFER TO 4897692162094	120.00	 	5,754.33
21 Dec 2023	21 Dec 2023	   TO TRANSFER-UPI/DR/335506331560/HP Petro/YESB/Q66258479@/Jup p--	TRANSFER TO 4897693162093	300.00	 	5,454.33
21 Dec 2023	21 Dec 2023	   TO TRANSFER-UPI/DR/335513594757/RAJEESHA/PYTM/paytmqr4ny/Lunch--	TRANSFER TO 4897693162093	180.00	 	5,274.33
21 Dec 2023	21 Dec 2023	   TO TRANSFER-UPI/DR/335513596103/ANANTHAN/SBIN/8943227762/NO RE--	TRANSFER TO 4897693162093	30.00	 	5,244.33
21 Dec 2023	21 Dec 2023	   TO TRANSFER-UPI/DR/335522030893/SHIBINA /PYTM/paytmqrfwu/Dinne--	TRANSFER TO 4897693162093	260.00	 	4,984.33
21 Dec 2023	21 Dec 2023	   TO TRANSFER-UPI/DR/335522035555/Indian O/YESB/Q92940457@/Petro--	TRANSFER TO 4897693162093	200.00	 	4,784.33
22 Dec 2023	22 Dec 2023	   TO TRANSFER-UPI/DR/335612307861/SRINIVAS/IBKL/2022998A.q/Petro--	TRANSFER TO 4897694162092	300.00	 	4,484.33
22 Dec 2023	22 Dec 2023	   TO TRANSFER-UPI/DR/335613341422/PADMA CA/PYTM/paytmqr281/Lunch--	TRANSFER TO 4897694162092	120.00	 	4,364.33
23 Dec 2023	23 Dec 2023	   TO TRANSFER-UPI/DR/335711009046/ARUN/YESB/Q208212381/Petrol J--	TRANSFER TO 4897695162091	300.00	 	4,064.33
23 Dec 2023	23 Dec 2023	   TO TRANSFER-UPI/DR/335712015962/MADEENA /HDFC/madeenasto/Cake--	TRANSFER TO 4897695162091	210.00	 	3,854.33
23 Dec 2023	23 Dec 2023	   ATM WDL-ATM CASH 66638 BYPASS ERNAKULAM      ERNAKULAM--		500.00	 	3,354.33
23 Dec 2023	23 Dec 2023	   BY TRANSFER-UPI/CR/335718685051/ARJUN N B/FDRL/wrapshawar/than--	TRANSFER FROM 4897737162096	 	200.00	3,554.33
23 Dec 2023	23 Dec 2023	   TO TRANSFER-UPI/DR/335718375612/ANANTHAN/SBIN/8943227762/NO RE--	TRANSFER TO 4897695162091	100.00	 	3,454.33
23 Dec 2023	23 Dec 2023	   TO TRANSFER-UPI/DR/335720537230/IndianCl/ICIC/bsestarmfr/Payvi--	TRANSFER TO 4897695162091	500.00	 	2,954.33
24 Dec 2023	24 Dec 2023	   TO TRANSFER-UPI/DR/335811797063/Mr Anil /PYTM/paytmqr281/NO RE--	TRANSFER TO 4897696162090	15.00	 	2,939.33
25 Dec 2023	25 Dec 2023	   TO TRANSFER-UPI/DR/335909395857/UPILITE--	TRANSFER TO 4695809162097	288.00	 	2,651.33
25 Dec 2023	25 Dec 2023	   CREDIT INTEREST---		 	19.00	2,670.33
26 Dec 2023	26 Dec 2023	   TO TRANSFER-UPI/DR/336016451923/KWALITY /PYTM/paytmqr281/Jup p--	TRANSFER TO 4897691162095	300.00	 	2,370.33
26 Dec 2023	26 Dec 2023	   BY TRANSFER-INB Expense--	CT000LVYC8               TRANSFER FROM 33866067524	 	2,000.00	4,370.33
27 Dec 2023	27 Dec 2023	   TO TRANSFER-UPI/DR/336113057988/Pavithran/PYTM/paytmqremw/Lunc--	TRANSFER TO 4897692162094	70.00	 	4,300.33
27 Dec 2023	27 Dec 2023	   TO TRANSFER-UPI/DR/336116188061/KWALITY /PYTM/paytmqr281/Petro--	TRANSFER TO 4897692162094	250.00	 	4,050.33
29 Dec 2023	29 Dec 2023	   TO TRANSFER-UPI/DR/336316659531/Emay Pet/YESB/Q593888109/NO RE--	TRANSFER TO 4897694162092	200.00	 	3,850.33
29 Dec 2023	29 Dec 2023	   TO TRANSFER-UPI/DR/336316663532/MS JAN A/YESB/Q236748876/NO RE--	TRANSFER TO 4897694162092	474.00	 	3,376.33
29 Dec 2023	29 Dec 2023	   BY TRANSFER-UPI/CR/336325652667/K M MUHA/HDFC/muhammedya/UPI--	TRANSFER FROM 4897736162097	 	660.00	4,036.33
29 Dec 2023	29 Dec 2023	   TO TRANSFER-UPI/DR/336318795007/SINDHUPAUL/PYTM/paytmqr281/NO--	TRANSFER TO 4897694162092	870.00	 	3,166.33
3 Jan 2024	3 Jan 2024	   BY TRANSFER-UPI/CR/436920083809/SEETHA  R/SBIN/seethaanil/UPI--	TRANSFER FROM 4897734162099	 	200.00	3,366.33
3 Jan 2024	3 Jan 2024	   TO TRANSFER-UPI/DR/400310456337/SEETHA  R/SBIN/9446917665/NO R--	TRANSFER TO 4897692162094	200.00	 	3,166.33
5 Jan 2024	5 Jan 2024	   BY TRANSFER-INB Salary Payment--	CT000UJDM2               TRANSFER FROM 33866067524	 	10,000.00	13,166.33
8 Jan 2024	8 Jan 2024	   TO TRANSFER-UPI/DR/400807352262/BSNL BIL/HDFC/bsnl.billd/Pay--	TRANSFER TO 4897690162095	652.68	 	12,513.65
8 Jan 2024	8 Jan 2024	   TO TRANSFER-UPI/DR/400809409839/BSNL BIL/HDFC/bsnl.billd/Pay--	TRANSFER TO 4897690162095	652.68	 	11,860.97
9 Jan 2024	9 Jan 2024	   BY TRANSFER-UPI/CR/400976765893/BSNL BIL/HDFC/bsnl.billd/Onlin--	TRANSFER FROM 4897733162090	 	652.68	12,513.65
12 Jan 2024	12 Jan 2024	   TO TRANSFER-UPI/DR/401214770651/SEETHA  R/SBIN/9446917665/NO R--	TRANSFER TO 4897694162092	5,000.00	 	7,513.65
13 Jan 2024	13 Jan 2024	   TO TRANSFER-UPI/DR/401312425152/IndianCl/ICIC/bsestarmfr/Payvi--	TRANSFER TO 4897695162091	1,000.00	 	6,513.65
17 Jan 2024	17 Jan 2024	   BY TRANSFER-NEFT*HDFC0000240*N017242838726610*INDIAN CLEARING--	TRANSFER FROM 4697188044301	 	522.45	7,036.10
17 Jan 2024	17 Jan 2024	   BY TRANSFER-NEFT*HDFC0000240*N017242838726609*INDIAN CLEARING--	TRANSFER FROM 3199957044306	 	515.18	7,551.28
17 Jan 2024	17 Jan 2024	   TO TRANSFER-UPI/DR/401715363614/BHIM Bil/SBIN/billpay.sb/NO RE--	TRANSFER TO 4897692162094	100.00	 	7,451.28
17 Jan 2024	17 Jan 2024	   TO TRANSFER-UPI/DR/401716385646/IndianCl/ICIC/bsestarmfr/Payvi--	TRANSFER TO 4897692162094	500.00	 	6,951.28
17 Jan 2024	17 Jan 2024	   TO TRANSFER-UPI/DR/401716387305/IndianCl/ICIC/bsestarmfr/Payvi--	TRANSFER TO 4897692162094	500.00	 	6,451.28
17 Jan 2024	17 Jan 2024	   TO TRANSFER-UPI/DR/401716389421/IndianCl/ICIC/bsestarmfr/Payvi--	TRANSFER TO 4897692162094	500.00	 	5,951.28
18 Jan 2024	18 Jan 2024	   TO TRANSFER-UPI/DR/401817124279/FLIPKART/AIRP/flipkartin/Upi T--	TRANSFER TO 4897693162093	189.00	 	5,762.28
19 Jan 2024	19 Jan 2024	   TO TRANSFER-UPI/DR/401920151808/SRI ANJA/HDFC/srianjaney/NO RE--	TRANSFER TO 4897694162092	400.00	 	5,362.28
27 Jan 2024	27 Jan 2024	   TO TRANSFER-UPI/DR/402711663136/SHAJI N S/YESB/Q088229050/ Cop--	TRANSFER TO 4897695162091	145.00	 	5,217.28
29 Jan 2024	29 Jan 2024	   BY TRANSFER-UPI/CR/402935417574/SEETHA  R/SBIN/seethaanil/UPI--	TRANSFER FROM 4897732162091	 	100.00	5,317.28
29 Jan 2024	29 Jan 2024	   TO TRANSFER-UPI/DR/402914183405/SEETHA  R/SBIN/9446917665/NO R--	TRANSFER TO 4897690162095	100.00	 	5,217.28
30 Jan 2024	30 Jan 2024	   TO TRANSFER-UPI/DR/403008512722/COCHIN U/AIRP/cochinuniv/Cochi--	TRANSFER TO 4897691162095	1,200.00	 	4,017.28
2 Feb 2024	2 Feb 2024	   TO TRANSFER-UPI/DR/403310253850/Nextbill/ICIC/groww.razo/Payvi--	TRANSFER TO 4897694162092	500.00	 	3,517.28
3 Feb 2024	3 Feb 2024	   TO TRANSFER-UPI/DR/403417792636/CARMEL C/IDIB/2025578A@i/NO RE--	TRANSFER TO 4897695162091	500.00	 	3,017.28
3 Feb 2024	3 Feb 2024	   BY TRANSFER-UPI/CR/440004248112/S  ANILK/SBIN/kollasseri/UPI--	TRANSFER FROM 4897737162096	 	5,000.00	8,017.28
3 Feb 2024	3 Feb 2024	   TO TRANSFER-UPI/DR/403418983113/MASALA K/UTIB/gpay-11231/NO RE--	TRANSFER TO 4897695162091	1,000.00	 	7,017.28
3 Feb 2024	3 Feb 2024	   TO TRANSFER-UPI/DR/403418012592/SINDHUPAUL/PYTM/paytmqr281/NO--	TRANSFER TO 4897695162091	1,075.00	 	5,942.28
3 Feb 2024	3 Feb 2024	   TO TRANSFER-UPI/DR/403419077669/SACHIN S/PYTM/paytmqr10g/NO RE--	TRANSFER TO 4897695162091	80.00	 	5,862.28
3 Feb 2024	3 Feb 2024	   TO TRANSFER-UPI/DR/403420335618/SUNILKUM/YESB/Q946915940/NO RE--	TRANSFER TO 4897695162091	1,391.00	 	4,471.28
6 Feb 2024	6 Feb 2024	   BY TRANSFER-NEFT*HDFC0000240*N037242868102572*INDIAN CLEARING--	TRANSFER FROM 3199410044308	 	989.21	5,460.49
6 Feb 2024	6 Feb 2024	   TO TRANSFER-UPI/DR/403712668772/Bala Gok/ESMF/balagokulp/NO RE--	TRANSFER TO 4897691162095	50.00	 	5,410.49
7 Feb 2024	7 Feb 2024	   TO TRANSFER-UPI/DR/403821476669/Food Cort/UTIB/7012439970/NO R--	TRANSFER TO 4897692162094	125.00	 	5,285.49
7 Feb 2024	7 Feb 2024	   BY TRANSFER-UPI/CR/403861493621/NPCI BHIM/HDFC/bhimreward/BHIM--	TRANSFER FROM 4897734162099	 	30.00	5,315.49
7 Feb 2024	7 Feb 2024	   TO TRANSFER-UPI/DR/403821545606/Food Cort/UTIB/7012439970/NO R--	TRANSFER TO 4897692162094	145.00	 	5,170.49
7 Feb 2024	7 Feb 2024	   BY TRANSFER-UPI/CR/403861607279/NPCI BHIM/HDFC/bhimreward/BHIM--	TRANSFER FROM 4897734162099	 	30.00	5,200.49
7 Feb 2024	7 Feb 2024	   TO TRANSFER-UPI/DR/403821549377/Food Cort/UTIB/7012439970/NO R--	TRANSFER TO 4897692162094	50.00	 	5,150.49
10 Feb 2024	10 Feb 2024	   TO TRANSFER-UPI/DR/404112006175/Nellicka/UTIB/9645564380/NO RE--	TRANSFER TO 4897695162091	36.00	 	5,114.49
13 Feb 2024	13 Feb 2024	   TO TRANSFER-UPI/DR/404411260102/SEETHA  R/SBIN/9446917665/NO R--	TRANSFER TO 4897691162095	2,000.00	 	3,114.49
19 Feb 2024	19 Feb 2024	   TO TRANSFER-UPI/DR/405013676999/CHILANKA/YESB/BHARATPE90/Pay t--	TRANSFER TO 4897690162095	90.00	 	3,024.49
20 Feb 2024	20 Feb 2024	   TO TRANSFER-UPI/DR/405115247709/AKSHAYA /SBIN/smithy9496/NO RE--	TRANSFER TO 4897691162095	200.00	 	2,824.49
20 Feb 2024	20 Feb 2024	   TO TRANSFER-UPI/DR/405115277859/AKSHAYA /HDFC/akshayacen/NO RE--	TRANSFER TO 4897691162095	50.00	 	2,774.49
20 Feb 2024	20 Feb 2024	   TO TRANSFER-UPI/DR/405118605626/Hamsa D M/YESB/Q942485880/NO R--	TRANSFER TO 4897691162095	28.00	 	2,746.49
21 Feb 2024	21 Feb 2024	   BY TRANSFER-UPI/CR/405281740147/Vishnuna/SBIN/killerbean/UPI--	TRANSFER FROM 4897734162099	 	50.00	2,796.49

**This is a computer generated statement and does not require a signature

