Account Name       :                	Mr. Nandakumar  A K
Address            :	Kollasseril House
                                    	
                                    	Ezhupunna-688537
                                    	Alappuzha
Date               :                	26 Jul 2024
Account Number     :	_00000067346369830
Account Description:	REGULAR SB NCHQ-INDIVIDUALS
Branch             :	ERAMALLOOR
Drawing Power      :	0.00
Interest Rate(% p.a.):	2.7
MOD Balance      :	0.00
CIF No.          :	_77137918173
IFS (Indian Financial System) Code         :	SBIN0070960
MICR (Magnetic Ink Character Recognition)  Code        :	_688002923
Nomination Registered    :	Yes 
Balance on 26 Jan 2024        :	5,362.28
Start Date          :	26 Jan 2024
End Date            :	26 Jul 2024
Txn Date	Value Date	Description	Ref No./Cheque No.	        Debit	Credit	Balance	
27 Jan 2024	27 Jan 2024	   TO TRANSFER-UPI/DR/402711663136/SHAJI N S/YESB/Q088229050/ Cop--	TRANSFER TO 4897695162091	145.00	 	5,217.28
29 Jan 2024	29 Jan 2024	   BY TRANSFER-UPI/CR/402935417574/SEETHA  R/SBIN/seethaanil/UPI--	TRANSFER FROM 4897732162091	 	100.00	5,317.28
29 Jan 2024	29 Jan 2024	   TO TRANSFER-UPI/DR/402914183405/SEETHA  R/SBIN/9446917665/NO R--	TRANSFER TO 4897690162095	100.00	 	5,217.28
30 Jan 2024	30 Jan 2024	   TO TRANSFER-UPI/DR/403008512722/COCHIN U/AIRP/cochinuniv/Cochi--	TRANSFER TO 4897691162095	1,200.00	 	4,017.28
2 Feb 2024	2 Feb 2024	   TO TRANSFER-UPI/DR/403310253850/Nextbill/ICIC/groww.razo/Payvi--	TRANSFER TO 4897694162092	500.00	 	3,517.28
3 Feb 2024	3 Feb 2024	   TO TRANSFER-UPI/DR/403417792636/CARMEL C/IDIB/2025578A@i/NO RE--	TRANSFER TO 4897695162091	500.00	 	3,017.28
3 Feb 2024	3 Feb 2024	   BY TRANSFER-UPI/CR/440004248112/S  ANILK/SBIN/kollasseri/UPI--	TRANSFER FROM 4897737162096	 	5,000.00	8,017.28
3 Feb 2024	3 Feb 2024	   TO TRANSFER-UPI/DR/403418983113/MASALA K/UTIB/gpay-11231/NO RE--	TRANSFER TO 4897695162091	1,000.00	 	7,017.28
3 Feb 2024	3 Feb 2024	   TO TRANSFER-UPI/DR/403418012592/SINDHUPAUL/PYTM/paytmqr281/NO--	TRANSFER TO 4897695162091	1,075.00	 	5,942.28
3 Feb 2024	3 Feb 2024	   TO TRANSFER-UPI/DR/403419077669/SACHIN S/PYTM/paytmqr10g/NO RE--	TRANSFER TO 4897695162091	80.00	 	5,862.28
3 Feb 2024	3 Feb 2024	   TO TRANSFER-UPI/DR/403420335618/SUNILKUM/YESB/Q946915940/NO RE--	TRANSFER TO 4897695162091	1,391.00	 	4,471.28
6 Feb 2024	6 Feb 2024	   BY TRANSFER-NEFT*HDFC0000240*N037242868102572*INDIAN CLEARING--	TRANSFER FROM 3199410044308	 	989.21	5,460.49
6 Feb 2024	6 Feb 2024	   TO TRANSFER-UPI/DR/403712668772/Bala Gok/ESMF/balagokulp/NO RE--	TRANSFER TO 4897691162095	50.00	 	5,410.49
7 Feb 2024	7 Feb 2024	   TO TRANSFER-UPI/DR/403821476669/Food Cort/UTIB/7012439970/NO R--	TRANSFER TO 4897692162094	125.00	 	5,285.49
7 Feb 2024	7 Feb 2024	   BY TRANSFER-UPI/CR/403861493621/NPCI BHIM/HDFC/bhimreward/BHIM--	TRANSFER FROM 4897734162099	 	30.00	5,315.49
7 Feb 2024	7 Feb 2024	   TO TRANSFER-UPI/DR/403821545606/Food Cort/UTIB/7012439970/NO R--	TRANSFER TO 4897692162094	145.00	 	5,170.49
7 Feb 2024	7 Feb 2024	   BY TRANSFER-UPI/CR/403861607279/NPCI BHIM/HDFC/bhimreward/BHIM--	TRANSFER FROM 4897734162099	 	30.00	5,200.49
7 Feb 2024	7 Feb 2024	   TO TRANSFER-UPI/DR/403821549377/Food Cort/UTIB/7012439970/NO R--	TRANSFER TO 4897692162094	50.00	 	5,150.49
10 Feb 2024	10 Feb 2024	   TO TRANSFER-UPI/DR/404112006175/Nellicka/UTIB/9645564380/NO RE--	TRANSFER TO 4897695162091	36.00	 	5,114.49
13 Feb 2024	13 Feb 2024	   TO TRANSFER-UPI/DR/404411260102/SEETHA  R/SBIN/9446917665/NO R--	TRANSFER TO 4897691162095	2,000.00	 	3,114.49
19 Feb 2024	19 Feb 2024	   TO TRANSFER-UPI/DR/405013676999/CHILANKA/YESB/BHARATPE90/Pay t--	TRANSFER TO 4897690162095	90.00	 	3,024.49
20 Feb 2024	20 Feb 2024	   TO TRANSFER-UPI/DR/405115247709/AKSHAYA /SBIN/smithy9496/NO RE--	TRANSFER TO 4897691162095	200.00	 	2,824.49
20 Feb 2024	20 Feb 2024	   TO TRANSFER-UPI/DR/405115277859/AKSHAYA /HDFC/akshayacen/NO RE--	TRANSFER TO 4897691162095	50.00	 	2,774.49
20 Feb 2024	20 Feb 2024	   TO TRANSFER-UPI/DR/405118605626/Hamsa D M/YESB/Q942485880/NO R--	TRANSFER TO 4897691162095	28.00	 	2,746.49
21 Feb 2024	21 Feb 2024	   BY TRANSFER-UPI/CR/405281740147/Vishnuna/SBIN/killerbean/UPI--	TRANSFER FROM 4897734162099	 	50.00	2,796.49
22 Feb 2024	22 Feb 2024	   TO TRANSFER-UPI/DR/405314560953/NATURUJI/SIBL/qr.naturuj/Lunch--	TRANSFER TO 4897693162093	170.00	 	2,626.49
22 Feb 2024	22 Feb 2024	   TO TRANSFER-UPI/DR/405315714776/ANANTHAN/SBIN/8943227762/NO RE--	TRANSFER TO 4897693162093	500.00	 	2,126.49
23 Feb 2024	23 Feb 2024	   BY TRANSFER-UPI/CR/405464864428/Vishnuna/SBIN/killerbean/UPI--	TRANSFER FROM 4897736162097	 	50.00	2,176.49
23 Feb 2024	23 Feb 2024	   TO TRANSFER-UPI/DR/405414761178/ANANTHAN/SBIN/8943227762/NO RE--	TRANSFER TO 4897694162092	35.00	 	2,141.49
24 Feb 2024	24 Feb 2024	   TO TRANSFER-UPI/DR/405513943322/MUHAMMED/CNRB/3219960734/Lunch--	TRANSFER TO 4897695162091	125.00	 	2,016.49
24 Feb 2024	24 Feb 2024	   TO TRANSFER-UPI/DR/405521139886/BIGTREE /HDFC/bigtreeent/Bigtr--	TRANSFER TO 4897695162091	313.92	 	1,702.57
25 Feb 2024	25 Feb 2024	   TO TRANSFER-UPI/DR/405614920193/ICH ERAM/PYTM/paytmqr281/NO RE--	TRANSFER TO 4897696162090	310.00	 	1,392.57
26 Feb 2024	26 Feb 2024	   TO TRANSFER-UPI/DR/405713272360/MUHAMMED/CNRB/3219960734/NO RE--	TRANSFER TO 4897690162095	130.00	 	1,262.57
27 Feb 2024	27 Feb 2024	   TO TRANSFER-UPI/DR/405814630617/Pavithran/PYTM/paytmqremw/NO R--	TRANSFER TO 4897691162095	140.00	 	1,122.57
27 Feb 2024	27 Feb 2024	   TO TRANSFER-UPI/DR/405814655755/SHABEER /YESB/Q667482712/NO RE--	TRANSFER TO 4897691162095	85.00	 	1,037.57
27 Feb 2024	27 Feb 2024	   BY TRANSFER-UPI/CR/405880349139/SEETHA  R/SBIN/seethaanil/UPI--	TRANSFER FROM 4897733162090	 	200.00	1,237.57
27 Feb 2024	27 Feb 2024	   TO TRANSFER-UPI/DR/405819024121/MAHENDRA/UTIB/9846384472/NO RE--	TRANSFER TO 4897691162095	130.00	 	1,107.57
1 Mar 2024	1 Mar 2024	   BY TRANSFER-UPI/CR/406165059111/Vishnuna/SBIN/killerbean/UPI--	TRANSFER FROM 4897736162097	 	50.00	1,157.57
5 Mar 2024	5 Mar 2024	   BY TRANSFER-NEFT*ICIC0099999*CMS3975159821*NEXTBILLION TECHNOL--	TRANSFER FROM 4697186044303	 	118.71	1,276.28
5 Mar 2024	5 Mar 2024	   BY TRANSFER-INB Salary Payment--	CT00BSCZA7               TRANSFER FROM 33866067524	 	3,000.00	4,276.28
5 Mar 2024	5 Mar 2024	   BY TRANSFER-UPI/CR/406594776093/ANANTHAN/SBIN/ananthanar/UPI--	TRANSFER FROM 4897733162090	 	500.00	4,776.28
5 Mar 2024	5 Mar 2024	   BULK POSTING-ACHCr SBIN01680000014926 NHPC LIMITED--		 	2.80	4,779.08
7 Mar 2024	7 Mar 2024	   TO TRANSFER-UPI/DR/406709639576/P M Bash/PYTM/paytmqr11g/NO RE--	TRANSFER TO 4897693162093	18.00	 	4,761.08
9 Mar 2024	9 Mar 2024	   TO TRANSFER-UPI/DR/406910704923/KADAVIL /HDFC/Vyapar.168/Wrap--	TRANSFER TO 4897695162091	1,490.00	 	3,271.08
9 Mar 2024	9 Mar 2024	   BY TRANSFER-INB EXP ADV--	CT00BVZNK9               TRANSFER FROM 33866067524	 	4,000.00	7,271.08
10 Mar 2024	10 Mar 2024	   ATM WDL-ATM CASH 98446 SBI PATTANAKKAD 2ND MOALAPPUZHA--		1,000.00	 	6,271.08
11 Mar 2024	11 Mar 2024	   TO TRANSFER-UPI/DR/407119263253/MAHENDRA/UTIB/9846384472/NO RE--	TRANSFER TO 4897690162095	240.00	 	6,031.08
13 Mar 2024	13 Mar 2024	   TO TRANSFER-UPI/DR/407315948182/ABHILASH/UTIB/gpay-11215/Lunch--	TRANSFER TO 4897692162094	60.00	 	5,971.08
13 Mar 2024	13 Mar 2024	   TO TRANSFER-UPI/DR/407319229819/ANANTHAN/SBIN/8943227762/NO RE--	TRANSFER TO 4897692162094	800.00	 	5,171.08
14 Mar 2024	14 Mar 2024	   TO TRANSFER-UPI/DR/407415894928/PRADHANM/HDFC/Vyapar.169/NO RE--	TRANSFER TO 4897693162093	59.00	 	5,112.08
15 Mar 2024	15 Mar 2024	   BY TRANSFER-UPI/CR/407566201875/ANANTHAN/SBIN/ananthanar/UPI--	TRANSFER FROM 4897736162097	 	800.00	5,912.08
15 Mar 2024	15 Mar 2024	   TO TRANSFER-UPI/DR/407513754994/PALLATH /YESB/paytmqrsnz/Lunch--	TRANSFER TO 4897694162092	320.00	 	5,592.08
16 Mar 2024	16 Mar 2024	   BY TRANSFER-UPI/CR/407685856300/Vishnuna/SBIN/killerbean/UPI--	TRANSFER FROM 4897737162096	 	50.00	5,642.08
16 Mar 2024	16 Mar 2024	   TO TRANSFER-UPI/DR/407616892101/KADAVIL /HDFC/Vyapar.168/NO RE--	TRANSFER TO 4897695162091	100.00	 	5,542.08
17 Mar 2024	17 Mar 2024	   TO TRANSFER-UPI/DR/407714764852/ANANTHAN/SBIN/8943227762/NO RE--	TRANSFER TO 4897696162090	1,000.00	 	4,542.08
17 Mar 2024	17 Mar 2024	   BULK POSTING-UPI/LITEL05/151602585823/11032024/REV--		 	1.00	4,543.08
18 Mar 2024	18 Mar 2024	   ATM WDL-ATM CASH 44371 SBI ERAMALLOOR BRANCH CHERTHALA--		1,000.00	 	3,543.08
19 Mar 2024	19 Mar 2024	   BY TRANSFER-UPI/CR/407924192022/Vishnuna/SBIN/killerbean/UPI--	TRANSFER FROM 4897733162090	 	190.00	3,733.08
19 Mar 2024	19 Mar 2024	   TO TRANSFER-UPI/DR/407914549817/Pavithran/YESB/paytmqremw/Lunc--	TRANSFER TO 4897691162095	140.00	 	3,593.08
20 Mar 2024	20 Mar 2024	   BY TRANSFER-UPI/CR/408065517090/Vishnuna/SBIN/killerbean/UPI--	TRANSFER FROM 4897734162099	 	50.00	3,643.08
20 Mar 2024	20 Mar 2024	   BY TRANSFER-UPI/CR/408081803858/SANGEETH/SBIN/krishnasan/UPI--	TRANSFER FROM 4897734162099	 	200.00	3,843.08
21 Mar 2024	21 Mar 2024	   TO TRANSFER-UPI/DR/408113119792/Pavithran/YESB/paytmqremw/Lunc--	TRANSFER TO 4897693162093	210.00	 	3,633.08
21 Mar 2024	21 Mar 2024	   TO TRANSFER-UPI/DR/408117268882/Vishnuna/SBIN/killerbean/NO RE--	TRANSFER TO 4897693162093	200.00	 	3,433.08
21 Mar 2024	21 Mar 2024	   TO TRANSFER-UPI/DR/408117269480/ANANTHAN/SBIN/8943227762/Lunch--	TRANSFER TO 4897693162093	50.00	 	3,383.08
21 Mar 2024	21 Mar 2024	   TO TRANSFER-UPI/DR/408117269707/Vishnuna/SBIN/killerbean/Lunch--	TRANSFER TO 4897693162093	50.00	 	3,333.08
21 Mar 2024	21 Mar 2024	   TO TRANSFER-UPI/DR/408118317286/ANANTHAN/SBIN/8943227762/NO RE--	TRANSFER TO 4897693162093	400.00	 	2,933.08
22 Mar 2024	22 Mar 2024	   TO TRANSFER-UPI/DR/408214915441/Pavithran/YESB/paytmqremw/Lunc--	TRANSFER TO 4897694162092	70.00	 	2,863.08
22 Mar 2024	22 Mar 2024	   TO TRANSFER-UPI/DR/408214312443/SUJA  M S/YESB/Q854118448/NO R--	TRANSFER TO 4897694162092	12.00	 	2,851.08
23 Mar 2024	23 Mar 2024	   TO TRANSFER-UPI/DR/408314639391/ANANTHAN/SBIN/8943227762/NO RE--	TRANSFER TO 4897695162091	190.00	 	2,661.08
25 Mar 2024	25 Mar 2024	   TO TRANSFER-UPI/DR/408509629361/BAIJU AU/SIBL/baijucr44@/Batte--	TRANSFER TO 4897690162095	1,200.00	 	1,461.08
25 Mar 2024	25 Mar 2024	   TO TRANSFER-UPI/DR/408513767360/NIJI/YESB/paytmqr281/Lunch--	TRANSFER TO 4897690162095	60.00	 	1,401.08
25 Mar 2024	25 Mar 2024	   CREDIT INTEREST---		 	32.00	1,433.08
26 Mar 2024	26 Mar 2024	   TO TRANSFER-UPI/DR/408613996027/VYSHAKH /UBIN/vyshakhmra/NO RE--	TRANSFER TO 4897691162095	70.00	 	1,363.08
26 Mar 2024	26 Mar 2024	   BY TRANSFER-UPI/CR/408652230893/VYSHAKH /UBIN/vyshakhmra/UPI--	TRANSFER FROM 4897733162090	 	50.00	1,413.08
26 Mar 2024	26 Mar 2024	   BY TRANSFER-UPI/CR/408656126889/VYSHAKH /UBIN/vyshakhmra/UPI--	TRANSFER FROM 4897733162090	 	20.00	1,433.08
27 Mar 2024	27 Mar 2024	   TO TRANSFER-UPI/DR/408712326201/UPILITE--	TRANSFER TO 4695809162097	500.00	 	933.08
27 Mar 2024	27 Mar 2024	   TO TRANSFER-UPI/DR/408713125251/NAKSHATR/YESB/Q319593027/Biri--	TRANSFER TO 4897692162094	100.00	 	833.08
28 Mar 2024	28 Mar 2024	   TO TRANSFER-UPI/DR/408813347777/SUNIL AS/DLXB/sunilasha@/qr--	TRANSFER TO 4897693162093	140.00	 	693.08
30 Mar 2024	30 Mar 2024	   BY TRANSFER-INB SAL AND EXP--	CT00COTBI5               TRANSFER FROM 33866067524	 	11,317.00	12,010.08
30 Mar 2024	30 Mar 2024	   BY TRANSFER-UPI/CR/409002490699/ANANTHAN/SBIN/8943227762/Paid--	TRANSFER FROM 4897737162096	 	1,400.00	13,410.08
1 Apr 2024	1 Apr 2024	   BY TRANSFER-UPI/CR/445833722548/Vishnuna/SBIN/killerbean/UPI--	TRANSFER FROM 4897732162091	 	200.00	13,610.08
2 Apr 2024	2 Apr 2024	   TO TRANSFER-UPI/DR/409368639930/WORTHWRA/YESB/worthwrapo/Colle--	TRANSFER TO 4897691162095	229.10	 	13,380.98
4 Apr 2024	4 Apr 2024	   BY TRANSFER-UPI/CR/409586211454/SHIJITH /SBIN/8848743487/Payme--	TRANSFER FROM 4897735162098	 	100.00	13,480.98
4 Apr 2024	4 Apr 2024	   BY TRANSFER-UPI/CR/409525359075/ANANTHAN/SBIN/ananthanar/food--	TRANSFER FROM 4897735162098	 	50.00	13,530.98
4 Apr 2024	4 Apr 2024	   BY TRANSFER-UPI/CR/446170755755/ANANTHAN/SBIN/ananthanar/UPI--	TRANSFER FROM 4897735162098	 	50.00	13,580.98
5 Apr 2024	5 Apr 2024	   TO TRANSFER-UPI/DR/409614242706/HOTELFRI/YESB/Q361573628/Lunch--	TRANSFER TO 4897694162092	310.00	 	13,270.98
6 Apr 2024	6 Apr 2024	   ATM WDL-ATM CASH 619 3 SBI ERAMALLOOR BRANCH CHERTHALA--		1,500.00	 	11,770.98
6 Apr 2024	6 Apr 2024	   TO TRANSFER-APY REG CHG 67346369830--	TRANSFER TO 4599257003007	318.00	 	11,452.98
8 Apr 2024	8 Apr 2024	   TO TRANSFER-UPI/DR/409908207621/SWV META/FDRL/swvmetalsp/Swv m--	TRANSFER TO 4897690162095	2,271.00	 	9,181.98
8 Apr 2024	8 Apr 2024	   TO TRANSFER-UPI/DR/409913560900/PRESTINA/FDRL/prestinas3/Lunch--	TRANSFER TO 4897690162095	126.00	 	9,055.98
8 Apr 2024	8 Apr 2024	   BY TRANSFER-UPI/CR/409999881824/ANOOPA K/IBKL/anoopakuri/UPI--	TRANSFER FROM 4897732162091	 	60.00	9,115.98
10 Apr 2024	10 Apr 2024	   TO TRANSFER-UPI/DR/410115244212/PRESTINA/FDRL/prestinas3/Lunch--	TRANSFER TO 4897692162094	315.00	 	8,800.98
10 Apr 2024	10 Apr 2024	   TO TRANSFER-UPI/DR/410116152998/Vishnuna/SBIN/killerbean/By an--	TRANSFER TO 4897692162094	4,000.00	 	4,800.98
10 Apr 2024	10 Apr 2024	   BY TRANSFER-UPI/CR/410166160815/ANANTHAN/SBIN/ananthanar/UPI--	TRANSFER FROM 4897734162099	 	4,000.00	8,800.98
11 Apr 2024	11 Apr 2024	   TO TRANSFER-UPI/DR/410213405944/Mr  SUKE/YESB/Q006319387/Lunch--	TRANSFER TO 4897693162093	235.00	 	8,565.98
11 Apr 2024	11 Apr 2024	   BY TRANSFER-UPI/CR/410256809644/VYSHAKH /UBIN/vyshakhmra/UPI--	TRANSFER FROM 4897735162098	 	150.00	8,715.98
11 Apr 2024	11 Apr 2024	   BY TRANSFER-INB PUR FROM A S PAPER MART--	CT00DALZQ9               TRANSFER FROM 33866067524	 	8,638.00	17,353.98
11 Apr 2024	11 Apr 2024	   TO TRANSFER-UPI/DR/410213744612/A S PAPE/UTIB/9388867727/Offic--	TRANSFER TO 4897693162093	8,638.00	 	8,715.98
11 Apr 2024	11 Apr 2024	   TO TRANSFER-UPI/DR/410213475696/VYSHAKH /UBIN/vyshakhmra/NO RE--	TRANSFER TO 4897693162093	150.00	 	8,565.98
11 Apr 2024	11 Apr 2024	   TO TRANSFER-UPI/DR/410214366480/KADAVIL /HDFC/Vyapar.168/Ancho--	TRANSFER TO 4897693162093	135.00	 	8,430.98
12 Apr 2024	12 Apr 2024	   TO TRANSFER-UPI/DR/410313439552/Pavithran/YESB/paytmqremw/Lunc--	TRANSFER TO 4897694162092	140.00	 	8,290.98
12 Apr 2024	12 Apr 2024	   TO TRANSFER-UPI/DR/410313672869/ANANTHAN/SBIN/8943227762/NO RE--	TRANSFER TO 4897694162092	50.00	 	8,240.98
12 Apr 2024	12 Apr 2024	   BY TRANSFER-INB EXP AND SWV PUR--	CT00DBHFR2               TRANSFER FROM 33866067524	 	5,271.00	13,511.98
12 Apr 2024	12 Apr 2024	   BY TRANSFER-INB Salary Payment--	CT00DBOEN6               TRANSFER FROM 33866067524	 	5,000.00	18,511.98
14 Apr 2024	14 Apr 2024	   TO TRANSFER-UPI/DR/410508432120/Emay Pet/YESB/Q893187989/NO RE--	TRANSFER TO 4897696162090	100.00	 	18,411.98
14 Apr 2024	14 Apr 2024	   TO TRANSFER-UPI/DR/410509161881/Mr  SHAJ/YESB/Q372072673/NO RE--	TRANSFER TO 4897696162090	120.00	 	18,291.98
15 Apr 2024	15 Apr 2024	   TO TRANSFER-UPI/DR/410609836357/KWALITY /YESB/paytmqr281/Petro--	TRANSFER TO 4897690162095	200.00	 	18,091.98
15 Apr 2024	15 Apr 2024	   TO TRANSFER-UPI/DR/410617266499/Mr ABDUL/YESB/paytmqr281/NO RE--	TRANSFER TO 4897690162095	40.00	 	18,051.98
15 Apr 2024	15 Apr 2024	   TO TRANSFER-UPI/DR/410617767020/SA Petro/YESB/paytmqr281/NO RE--	TRANSFER TO 4897690162095	500.00	 	17,551.98
16 Apr 2024	16 Apr 2024	   TO TRANSFER-UPI/DR/410710255962/BIN YAME/YESB/Q245251013/NO RE--	TRANSFER TO 4897691162095	65.00	 	17,486.98
16 Apr 2024	16 Apr 2024	   BY TRANSFER-INB EXPENSE--	CT00DEBYD9               TRANSFER FROM 33866067524	 	3,000.00	20,486.98
16 Apr 2024	16 Apr 2024	   BY TRANSFER-NEFT*HDFC0000240*N107242991178973*INDIAN CLEARING--	TRANSFER FROM 4697192044305	 	505.05	20,992.03
16 Apr 2024	16 Apr 2024	   BY TRANSFER-NEFT*HDFC0000240*N107242991180361*INDIAN CLEARING--	TRANSFER FROM 4698185044306	 	1,050.17	22,042.20
16 Apr 2024	16 Apr 2024	   TO TRANSFER-UPI/DR/410717931692/PALANI K/YESB/paytmqr11u/Dinne--	TRANSFER TO 4897691162095	100.00	 	21,942.20
16 Apr 2024	16 Apr 2024	   TO TRANSFER-UPI/DR/410717830738/ASOKAN S/CNRB/2404101014/NO RE--	TRANSFER TO 4897691162095	36.00	 	21,906.20
16 Apr 2024	16 Apr 2024	   TO TRANSFER-UPI/DR/410718295584/ASOKAN S/CNRB/2404101014/NO RE--	TRANSFER TO 4897691162095	18.00	 	21,888.20
16 Apr 2024	16 Apr 2024	   ATM WDL-ATM CASH 59317 RLY FEEDER RD KOTTAR  KANNIYAKUMARI--		500.00	 	21,388.20
16 Apr 2024	16 Apr 2024	   TO TRANSFER-UPI/DR/410720742317/DEVINAND/KSBK/9778130258/Heppi--	TRANSFER TO 4897691162095	101.00	 	21,287.20
17 Apr 2024	17 Apr 2024	   TO TRANSFER-UPI/DR/410814331562/VENKATAC/YESB/paytmqr9gb/NO RE--	TRANSFER TO 4897692162094	50.00	 	21,237.20
17 Apr 2024	17 Apr 2024	   TO TRANSFER-UPI/DR/410818531124/PETRICIA/SBIN/petriciano/Room--	TRANSFER TO 4897692162094	1,000.00	 	20,237.20
17 Apr 2024	17 Apr 2024	   TO TRANSFER-UPI/DR/410819958834/PETRICIA/SBIN/petriciano/NO RE--	TRANSFER TO 4897692162094	20.00	 	20,217.20
18 Apr 2024	18 Apr 2024	   TO TRANSFER-UPI/DR/410908580276/HRM CATE/HDFC/Vyapar.169/Break--	TRANSFER TO 4897693162093	40.00	 	20,177.20
18 Apr 2024	18 Apr 2024	   TO TRANSFER-UPI/DR/410913130376/HRM CATE/HDFC/Vyapar.169/Lauch--	TRANSFER TO 4897693162093	80.00	 	20,097.20
18 Apr 2024	18 Apr 2024	   TO TRANSFER-UPI/DR/410915607438/JAYAKRIS/FDRL/9037353145/NO RE--	TRANSFER TO 4897693162093	250.00	 	19,847.20
18 Apr 2024	18 Apr 2024	   TO TRANSFER-UPI/DR/410989801894/IRCTC CF/HDFC/irctc.cf@h/IRCTC--	TRANSFER TO 4897693162093	157.25	 	19,689.95
19 Apr 2024	19 Apr 2024	   TO TRANSFER-UPI/DR/411007220188/SEETHA  R/SBIN/9446917665/NO R--	TRANSFER TO 4897694162092	8,000.00	 	11,689.95
19 Apr 2024	19 Apr 2024	   TO TRANSFER-UPI/DR/411007390735/UPILITE--	TRANSFER TO 4695809162097	500.00	 	11,189.95
20 Apr 2024	20 Apr 2024	   BY TRANSFER-UPI/CR/411153357410/ANANTHAN/SBIN/ananthanar/food--	TRANSFER FROM 4897737162096	 	50.00	11,239.95
21 Apr 2024	21 Apr 2024	   TO TRANSFER-UPI/DR/411216965221/BSNL BIL/HDFC/bsnl.billd/Pay--	TRANSFER TO 4897696162090	652.68	 	10,587.27
24 Apr 2024	24 Apr 2024	   TO TRANSFER-UPI/DR/411513843068/FASILA  /FDRL/BHARATPE.9/Pay t--	TRANSFER TO 4897692162094	472.00	 	10,115.27
24 Apr 2024	24 Apr 2024	   BY TRANSFER-INB EXPENSE--	CT00DKOND8               TRANSFER FROM 33866067524	 	3,000.00	13,115.27
24 Apr 2024	24 Apr 2024	   ATM WDL-ATM CASH 54216 THAMMANAM             KOCHI--		2,000.00	 	11,115.27
24 Apr 2024	24 Apr 2024	   TO TRANSFER-UPI/DR/411519725164/FLIPKART/AIRP/flipkartin/Upi T--	TRANSFER TO 4897692162094	1,910.00	 	9,205.27
25 Apr 2024	25 Apr 2024	   BY TRANSFER-UPI/CR/411691373007/Vishnuna/SBIN/killerbean/UPI--	TRANSFER FROM 4897735162098	 	50.00	9,255.27
27 Apr 2024	27 Apr 2024	   TO TRANSFER-UPI/DR/411811371746/MANOHARA/YESB/Q307091361/NO RE--	TRANSFER TO 4897695162091	20.00	 	9,235.27
27 Apr 2024	27 Apr 2024	   TO TRANSFER-UPI/DR/411816898014/ANANTHAN/SBIN/8943227762/NO RE--	TRANSFER TO 4897695162091	150.00	 	9,085.27
28 Apr 2024	28 Apr 2024	   ATM WDL-ATM CASH 13833 SBI EZHUPUNNA OFFSITE ALAPPUZHA--		500.00	 	8,585.27
29 Apr 2024	29 Apr 2024	   TO TRANSFER-UPI/DR/412011663255/Mr ABHIL/YESB/Q428619838/NO RE--	TRANSFER TO 4897690162095	40.00	 	8,545.27
30 Apr 2024	30 Apr 2024	   by debit card-OTHPOS160921      VAVA FUELS            COCHIN--		200.00	 	8,345.27
30 Apr 2024	30 Apr 2024	   TO TRANSFER-UPI/DR/412113256580/Pavithran/YESB/paytmqremw/Lunc--	TRANSFER TO 4897691162095	140.00	 	8,205.27
30 Apr 2024	30 Apr 2024	   TO TRANSFER-UPI/DR/412113188083/ANANTHAN/SBIN/8943227762/NO RE--	TRANSFER TO 4897691162095	50.00	 	8,155.27
30 Apr 2024	30 Apr 2024	   TO TRANSFER-UPI/DR/412115704273/KADAVIL /HDFC/Vyapar.168/Hose--	TRANSFER TO 4897691162095	30.00	 	8,125.27
2 May 2024	2 May 2024	   TO TRANSFER-UPI/DR/412312536412/ASHA MAR/YESB/Q386294301/NO RE--	TRANSFER TO 4897693162093	80.00	 	8,045.27
3 May 2024	3 May 2024	   TO TRANSFER-UPI/DR/412408376322/Indian O/YESB/Q507427220/Petro--	TRANSFER TO 4897694162092	200.00	 	7,845.27
3 May 2024	3 May 2024	   BULK POSTING-UPI/LITEL05/466073273790/27042024/REV--		 	50.00	7,895.27
4 May 2024	4 May 2024	   TO TRANSFER-UPI/DR/412512320272/NIBIT PU/YESB/Q201801785/NO RE--	TRANSFER TO 4897695162091	90.00	 	7,805.27
4 May 2024	4 May 2024	   TO TRANSFER-UPI/DR/412513522390/NIBIT PU/YESB/Q138225086/NO RE--	TRANSFER TO 4897695162091	690.00	 	7,115.27
4 May 2024	4 May 2024	   BY TRANSFER-UPI/CR/449151578253/ANANTHAN/SBIN/ananthanar/UPI--	TRANSFER FROM 4897737162096	 	150.00	7,265.27
4 May 2024	4 May 2024	   BY TRANSFER-INB Salary Payment--	CT00DTBMC6               TRANSFER FROM 33866067524	 	10,000.00	17,265.27
4 May 2024	4 May 2024	   TO TRANSFER-UPI/DR/412521873232/SEETHA  R/SBIN/9446917665/NO R--	TRANSFER TO 4897695162091	10,000.00	 	7,265.27
6 May 2024	6 May 2024	   BY TRANSFER-UPI/CR/412759189147/RZPX/utib/poweracces/PWL34412--	TRANSFER FROM 4897732162091	 	10.00	7,275.27
6 May 2024	6 May 2024	   TO TRANSFER-UPI/DR/412708907034/SR FUELS 3/YESB/Q048983620/NO--	TRANSFER TO 4897690162095	200.00	 	7,075.27
6 May 2024	6 May 2024	   DEBIT-APY_MAY24_Mont_5000_11700201599559612_500877089800--		318.00	 	6,757.27
6 May 2024	6 May 2024	   BY TRANSFER-UPI/CR/412716609250/Vishnuna/SBIN/killerbean/UPI--	TRANSFER FROM 4897732162091	 	120.00	6,877.27
7 May 2024	7 May 2024	   TO TRANSFER-UPI/DR/412813980550/K A NIXON/FDRL/nixon8766@/Lunc--	TRANSFER TO 4897691162095	70.00	 	6,807.27
8 May 2024	8 May 2024	   by debit card-OTHPOS051809      VAVA FUELS            COCHIN--		250.00	 	6,557.27
8 May 2024	8 May 2024	   TO TRANSFER-UPI/DR/412914499214/Pavithran/YESB/paytmqremw/NO R--	TRANSFER TO 4897692162094	140.00	 	6,417.27
8 May 2024	8 May 2024	   TO TRANSFER-UPI/DR/412914987182/Josephine/YESB/Q322872603/NO R--	TRANSFER TO 4897692162094	300.00	 	6,117.27
9 May 2024	9 May 2024	   TO TRANSFER-UPI/DR/413020820687/ASWIN  S/UBIN/aswinshaij/UPI--	TRANSFER TO 4897693162093	10.00	 	6,107.27
10 May 2024	10 May 2024	   TO TRANSFER-UPI/DR/413111672484/PAN MOTO/KKBK/Mswipe.140/NO RE--	TRANSFER TO 4897694162092	40.00	 	6,067.27
11 May 2024	11 May 2024	   TO TRANSFER-UPI/DR/413210543326/KHAMARO /YESB/Q915172131/Jupit--	TRANSFER TO 4897695162091	300.00	 	5,767.27
11 May 2024	11 May 2024	   BY TRANSFER-INB EXPENSE--	CT00DZYFY6               TRANSFER FROM 33866067524	 	3,000.00	8,767.27
12 May 2024	12 May 2024	   TO TRANSFER-UPI/DR/413318134716/EBIN KOSHY/TMBL/ebinkoshy@/NO--	TRANSFER TO 4897696162090	370.00	 	8,397.27
13 May 2024	13 May 2024	   TO TRANSFER-UPI/DR/413410877908/Indian O/YESB/Q030746480/Petro--	TRANSFER TO 4897690162095	300.00	 	8,097.27
13 May 2024	13 May 2024	   TO TRANSFER-UPI/DR/413413436794/MADHU  P/SBIN/Q536819261/NO RE--	TRANSFER TO 4897690162095	200.00	 	7,897.27
13 May 2024	13 May 2024	   TO TRANSFER-UPI/DR/413414102029/PRESTINA/FDRL/prestinas3/Lunch--	TRANSFER TO 4897690162095	399.00	 	7,498.27
14 May 2024	14 May 2024	   TO TRANSFER-UPI/DR/413513903660/RIYAS T A/YESB/Q386524717/Lunc--	TRANSFER TO 4897691162095	390.00	 	7,108.27
14 May 2024	14 May 2024	   TO TRANSFER-UPI/DR/413514168541/AARJAVA /YESB/Q753817569/NO RE--	TRANSFER TO 4897691162095	25.00	 	7,083.27
15 May 2024	15 May 2024	   by debit card-OTHPOS646131      VAVA FUELS            COCHIN--		300.00	 	6,783.27
15 May 2024	15 May 2024	   BY TRANSFER-UPI/CR/450275931187/VYSHAKH /UBIN/vyshakhmra/UPI--	TRANSFER FROM 4897734162099	 	50.00	6,833.27
16 May 2024	16 May 2024	   TO TRANSFER-UPI/DR/413714650202/Pavithran/YESB/paytmqremw/Lunc--	TRANSFER TO 4897693162093	210.00	 	6,623.27
16 May 2024	16 May 2024	   TO TRANSFER-UPI/DR/413714693051/VYSHAKH /UBIN/vyshakhmra/NO RE--	TRANSFER TO 4897693162093	50.00	 	6,573.27
16 May 2024	16 May 2024	   TO TRANSFER-UPI/DR/413714443193/Vishnuna/SBIN/killerbean/NO RE--	TRANSFER TO 4897693162093	50.00	 	6,523.27
17 May 2024	17 May 2024	   TO TRANSFER-UPI/DR/413806401572/Indian o/YESB/Q339212642/Petro--	TRANSFER TO 4897694162092	300.00	 	6,223.27
17 May 2024	17 May 2024	   TO TRANSFER-UPI/DR/413814442377/Pavithran/YESB/paytmqremw/Lunc--	TRANSFER TO 4897694162092	70.00	 	6,153.27
17 May 2024	17 May 2024	   TO TRANSFER-UPI/DR/413814239197/SMARTPOINT/ICIC/U26LSMARTP/NO--	TRANSFER TO 4897694162092	39.20	 	6,114.07
17 May 2024	17 May 2024	   BY TRANSFER-UPI/CR/413822043992/JITHIN K/UBIN/jithin2955/UPI--	TRANSFER FROM 4897736162097	 	150.00	6,264.07
18 May 2024	18 May 2024	   TO TRANSFER-UPI/DR/413914277963/POGO FRI/CNRB/3197267031/Lunch--	TRANSFER TO 4897695162091	350.00	 	5,914.07
18 May 2024	18 May 2024	   TO TRANSFER-UPI/DR/413921750837/VYSHAKH /UBIN/vyshakhmra/NO RE--	TRANSFER TO 4897695162091	90.00	 	5,824.07
19 May 2024	19 May 2024	   TO TRANSFER-UPI/DR/414015888390/ALI CAFE/YESB/Q248930675/NO RE--	TRANSFER TO 4897696162090	56.00	 	5,768.07
19 May 2024	19 May 2024	   TO TRANSFER-UPI/DR/414015340002/SANJAY S/UBIN/sanjayskar/NO RE--	TRANSFER TO 4897696162090	500.00	 	5,268.07
19 May 2024	19 May 2024	   TO TRANSFER-UPI/DR/414020557702/Swapna S/UTIB/9447442617/NO RE--	TRANSFER TO 4897696162090	667.00	 	4,601.07
20 May 2024	20 May 2024	   by debit card-OTHPOS889812      PRABHA FUELS          ALAPPUZHA--		300.00	 	4,301.07
20 May 2024	20 May 2024	   TO TRANSFER-UPI/DR/414114271793/HOTEL ZAIN/HDFC/Vyapar.169/NO--	TRANSFER TO 4897690162095	215.00	 	4,086.07
21 May 2024	21 May 2024	   BY TRANSFER-INB EXPENSE--	CT00EHYYJ4               TRANSFER FROM 33866067524	 	5,000.00	9,086.07
21 May 2024	21 May 2024	   BY TRANSFER-UPI/CR/450803761593/VYSHAKH /UBIN/vyshakhmra/UPI--	TRANSFER FROM 4897733162090	 	55.00	9,141.07
22 May 2024	22 May 2024	   TO TRANSFER-UPI/DR/414307336776/Indian O/YESB/Q507427220/Petro--	TRANSFER TO 4897692162094	300.00	 	8,841.07
22 May 2024	22 May 2024	   TO TRANSFER-UPI/DR/414314856236/SANTHOSH/SBIN/santhoshku/Lunch--	TRANSFER TO 4897692162094	150.00	 	8,691.07
23 May 2024	23 May 2024	   TO TRANSFER-UPI/DR/414412789602/ANANTHAN/SBIN/8943227762/NO RE--	TRANSFER TO 4897693162093	700.00	 	7,991.07
24 May 2024	24 May 2024	   TO TRANSFER-UPI/DR/414515659887/MAYA BUI/UBIN/66642701@u/Petro--	TRANSFER TO 4897694162092	300.00	 	7,691.07
25 May 2024	25 May 2024	   TO TRANSFER-UPI/DR/414612440708/Raji/YESB/Q985651602/Petrol p--	TRANSFER TO 4897695162091	300.00	 	7,391.07
25 May 2024	25 May 2024	   BY TRANSFER-UPI/CR/414620343848/ANANTHAN/SBIN/ananthanar/UPI--	TRANSFER FROM 4897737162096	 	700.00	8,091.07
26 May 2024	26 May 2024	   TO TRANSFER-UPI/DR/414717529584/ABY KURI/FDRL/abykuriako/NO RE--	TRANSFER TO 4897696162090	150.00	 	7,941.07
26 May 2024	26 May 2024	   TO TRANSFER-UPI/DR/414717163701/ANANTHAN/SBIN/8943227762/NO RE--	TRANSFER TO 4897696162090	350.00	 	7,591.07
27 May 2024	27 May 2024	   TO TRANSFER-UPI/DR/414813318420/PRESTINA/FDRL/prestinas3/Lunch--	TRANSFER TO 4897690162095	244.00	 	7,347.07
28 May 2024	28 May 2024	   TO TRANSFER-UPI/DR/414908316940/S R Fuel/YESB/Q058756420/Petro--	TRANSFER TO 4897691162095	200.00	 	7,147.07
28 May 2024	28 May 2024	   TO TRANSFER-UPI/DR/414910925703/CLASSIC /YESB/Q604747653/NO RE--	TRANSFER TO 4897691162095	770.00	 	6,377.07
28 May 2024	28 May 2024	   TO TRANSFER-UPI/DR/414911722245/A S PAPE/UTIB/9388867727/Offic--	TRANSFER TO 4897691162095	1,591.00	 	4,786.07
28 May 2024	28 May 2024	   TO TRANSFER-UPI/DR/414914777972/RIYAS T A/YESB/Q386524717/NO R--	TRANSFER TO 4897691162095	650.00	 	4,136.07
28 May 2024	28 May 2024	   TO TRANSFER-UPI/DR/414909814371/ASWIN  S/UBIN/aswinshaij/UPI--	TRANSFER TO 4897691162095	20.00	 	4,116.07
29 May 2024	29 May 2024	   TO TRANSFER-UPI/DR/415009460332/TOP HAVE/SBIN/tophaven@s/Jupit--	TRANSFER TO 4897692162094	1,747.00	 	2,369.07
29 May 2024	29 May 2024	   TO TRANSFER-UPI/DR/415009558276/TOP HAVE/SBIN/tophaven@s/Spare--	TRANSFER TO 4897692162094	2,000.00	 	369.07
31 May 2024	31 May 2024	   BY TRANSFER-UPI/CR/451880071281/SEETHA  R/SBIN/seethaanil/UPI--	TRANSFER FROM 4897736162097	 	1,500.00	1,869.07
1 Jun 2024	1 Jun 2024	   BY TRANSFER-INB EXPENSE--	CT00ERGKQ6               TRANSFER FROM 33866067524	 	3,000.00	4,869.07
1 Jun 2024	1 Jun 2024	   TO TRANSFER-UPI/DR/415300890280/ASWIN  S/UBIN/aswinshaij/UPI--	TRANSFER TO 4897695162091	20.00	 	4,849.07
1 Jun 2024	1 Jun 2024	   TO TRANSFER-UPI/DR/415302581540/SANJAY  S/SBIN/sanjayskar/UPI--	TRANSFER TO 4897695162091	100.00	 	4,749.07
2 Jun 2024	2 Jun 2024	   TO TRANSFER-UPI/DR/415417591563/THOMAS  /YESB/Q852913724/NO RE--	TRANSFER TO 4897696162090	42.00	 	4,707.07
3 Jun 2024	3 Jun 2024	   TO TRANSFER-UPI/DR/415510397094/ASHIK MU/YESB/Q249894106/Break--	TRANSFER TO 4897690162095	160.00	 	4,547.07
3 Jun 2024	3 Jun 2024	   TO TRANSFER-UPI/DR/415521211488/Mrs Sham/YESB/Q360940262/Dinne--	TRANSFER TO 4897690162095	310.00	 	4,237.07
5 Jun 2024	5 Jun 2024	   BY TRANSFER-INB Salary Payment--	CT00EUXGA1               TRANSFER FROM 33866067524	 	10,167.00	14,404.07
5 Jun 2024	5 Jun 2024	   DEBIT-APY_JUN24_Mont_5000_11700201511423972_500877089800--		318.00	 	14,086.07
5 Jun 2024	5 Jun 2024	   TO TRANSFER-UPI/DR/415721338907/SEETHA  R/SBIN/9446917665/NO R--	TRANSFER TO 4897692162094	8,000.00	 	6,086.07
6 Jun 2024	6 Jun 2024	   TO TRANSFER-UPI/DR/415819798973/24R REST/UTIB/9846384472/NO RE--	TRANSFER TO 4897693162093	270.00	 	5,816.07
6 Jun 2024	6 Jun 2024	   BY TRANSFER-UPI/CR/452426438087/VYSHAKH /UBIN/vyshakhmra/UPI--	TRANSFER FROM 4897735162098	 	90.00	5,906.07
7 Jun 2024	7 Jun 2024	   TO TRANSFER-UPI/DR/415912379886/Mr Abhil/YESB/paytmqr281/NO RE--	TRANSFER TO 4897694162092	240.00	 	5,666.07
7 Jun 2024	7 Jun 2024	   TO TRANSFER-UPI/DR/415917463364/CAFE FOO/YESB/Q191402154/NO RE--	TRANSFER TO 4897694162092	220.00	 	5,446.07
8 Jun 2024	8 Jun 2024	   BY TRANSFER-INB Payment towards Invoice/Bill--	CT00EXZXQ4               TRANSFER FROM 33866067524	 	9,086.00	14,532.07
8 Jun 2024	8 Jun 2024	   by debit card-OTHPOS582110      LABORATORY EQUIPMENT SCOCHIN--		9,086.00	 	5,446.07
8 Jun 2024	8 Jun 2024	   TO TRANSFER-UPI/DR/416016276939/K A ABDU/YESB/paytmqr281/Petro--	TRANSFER TO 4897695162091	300.00	 	5,146.07
9 Jun 2024	9 Jun 2024	   TO TRANSFER-UPI/DR/416120235092/ANANTHAN/SBIN/8943227762/NO RE--	TRANSFER TO 4897696162090	2,000.00	 	3,146.07
10 Jun 2024	10 Jun 2024	   TO TRANSFER-UPI/DR/416211134990/Google I/utib/playstore-/NO RE--	TRANSFER TO 4897690162095	29.00	 	3,117.07
10 Jun 2024	10 Jun 2024	   BY TRANSFER-UPI/CR/416281431740/VYSHAKH /UBIN/vyshakhmra/UPI--	TRANSFER FROM 4897732162091	 	50.00	3,167.07
10 Jun 2024	10 Jun 2024	   TO TRANSFER-UPI/DR/416218351709/KWALITY /YESB/paytmqr281/Petro--	TRANSFER TO 4897690162095	300.00	 	2,867.07
11 Jun 2024	11 Jun 2024	   TO TRANSFER-UPI/DR/416313151010/SAVITHRI/YESB/Q649882678/Lunch--	TRANSFER TO 4897691162095	150.00	 	2,717.07
11 Jun 2024	11 Jun 2024	   TO TRANSFER-UPI/DR/416313114347/SAVITHRI/YESB/Q649882678/NO RE--	TRANSFER TO 4897691162095	18.00	 	2,699.07
11 Jun 2024	11 Jun 2024	   TO TRANSFER-UPI/DR/416315797357/K A ABDU/YESB/paytmqr281/Petro--	TRANSFER TO 4897691162095	300.00	 	2,399.07
12 Jun 2024	12 Jun 2024	   TO TRANSFER-UPI/DR/416414255787/PRESTINA/FDRL/prestinas3/Lunch--	TRANSFER TO 4897692162094	634.00	 	1,765.07
12 Jun 2024	12 Jun 2024	   TO TRANSFER-UPI/DR/416414327791/PRESTINA/FDRL/prestinas3/NO RE--	TRANSFER TO 4897692162094	20.00	 	1,745.07
12 Jun 2024	12 Jun 2024	   BY TRANSFER-UPI/CR/416466495409/SREELAKS/FDRL/srel7962@o/Biriy--	TRANSFER FROM 4897734162099	 	200.00	1,945.07
13 Jun 2024	13 Jun 2024	   TO TRANSFER-UPI/DR/416508832502/Indian O/YESB/Q018487072/Unico--	TRANSFER TO 4897693162093	250.00	 	1,695.07
13 Jun 2024	13 Jun 2024	   BY TRANSFER-INB EXP--	CT00FCZOZ9               TRANSFER FROM 33866067524	 	3,000.00	4,695.07
14 Jun 2024	14 Jun 2024	   TO TRANSFER-UPI/DR/416609736789/DEVINAND/KSBK/9778130258/NO RE--	TRANSFER TO 4897694162092	300.00	 	4,395.07
14 Jun 2024	14 Jun 2024	   TO TRANSFER-UPI/DR/416613484801/DEVINAND/KSBK/9778130258/NO RE--	TRANSFER TO 4897694162092	50.00	 	4,345.07
14 Jun 2024	14 Jun 2024	   TO TRANSFER-UPI/DR/416616448084/Priya/YESB/paytmqr55z/NO REMAR--	TRANSFER TO 4897694162092	55.00	 	4,290.07
16 Jun 2024	16 Jun 2024	   TO TRANSFER-UPI/DR/416811916761/ANIL  KU/YESB/Q764092224/NO RE--	TRANSFER TO 4897696162090	95.00	 	4,195.07
17 Jun 2024	17 Jun 2024	   TO TRANSFER-UPI/DR/416908739658/Emay Pet/YESB/Q593888109/Activ--	TRANSFER TO 4897690162095	250.00	 	3,945.07
17 Jun 2024	17 Jun 2024	   TO TRANSFER-UPI/DR/416910754778/Indian O/YESB/Q687156644/Hines--	TRANSFER TO 4897690162095	300.00	 	3,645.07
17 Jun 2024	17 Jun 2024	   BY TRANSFER-UPI/CR/416966134187/ANANTHAN/SBIN/ananthanar/UPI--	TRANSFER FROM 4897732162091	 	2,000.00	5,645.07
17 Jun 2024	17 Jun 2024	   TO TRANSFER-UPI/DR/416915917186/Indian O/YESB/Q687156644/Pulsa--	TRANSFER TO 4897690162095	300.00	 	5,345.07
18 Jun 2024	18 Jun 2024	   by debit card-OTHPOS812121      BPCL MOOKKEN DEVASSY TERNAKULAM--		300.00	 	5,045.07
20 Jun 2024	20 Jun 2024	   TO TRANSFER-UPI/DR/417215453751/SITHEEK A/YESB/Q648841639/Lunc--	TRANSFER TO 4897693162093	185.00	 	4,860.07
20 Jun 2024	20 Jun 2024	   TO TRANSFER-UPI/DR/417218315188/AJITH  B/YESB/Q304795874/NO RE--	TRANSFER TO 4897693162093	18.00	 	4,842.07
21 Jun 2024	21 Jun 2024	   TO TRANSFER-UPI/DR/417316989625/SOUTH IN/YESB/paytmqr281/Plast--	TRANSFER TO 4897694162092	2,484.00	 	2,358.07
21 Jun 2024	21 Jun 2024	   BY TRANSFER-INB AGST INV SOUTH INDIA PLAS--	CT00FJSDC9               TRANSFER FROM 33866067524	 	2,484.00	4,842.07
22 Jun 2024	22 Jun 2024	   TO TRANSFER-UPI/DR/417408666224/Indian O/YESB/Q865619959/Unico--	TRANSFER TO 4897695162091	300.00	 	4,542.07
23 Jun 2024	23 Jun 2024	   TO TRANSFER-UPI/DR/417508873862/S  ANILK/SBIN/8078435453/NO RE--	TRANSFER TO 4897696162090	2,500.00	 	2,042.07
24 Jun 2024	24 Jun 2024	   TO TRANSFER-UPI/DR/417608824558/Emay Pet/YESB/Q593888109/Petro--	TRANSFER TO 4897690162095	300.00	 	1,742.07
24 Jun 2024	24 Jun 2024	   TO TRANSFER-UPI/DR/417622695067/VYSHAKH /UBIN/vyshakhmra/NO RE--	TRANSFER TO 4897690162095	400.00	 	1,342.07
25 Jun 2024	25 Jun 2024	   TO TRANSFER-UPI/DR/417712303080/Indian O/YESB/Q52778893@/NO RE--	TRANSFER TO 4897691162095	300.00	 	1,042.07
25 Jun 2024	25 Jun 2024	   CREDIT INTEREST---		 	52.00	1,094.07
26 Jun 2024	26 Jun 2024	   TO TRANSFER-UPI/DR/417818164513/NARASIMH/YESB/paytmqr281/Pulsa--	TRANSFER TO 4897692162094	300.00	 	794.07
26 Jun 2024	26 Jun 2024	   TO TRANSFER-UPI/DR/417818425737/K  SADAN/YESB/Q962952563/NO RE--	TRANSFER TO 4897692162094	30.00	 	764.07
28 Jun 2024	28 Jun 2024	   BY TRANSFER-INB EXPENSE--	CT00FPIIQ1               TRANSFER FROM 33866067524	 	3,000.00	3,764.07
28 Jun 2024	28 Jun 2024	   TO TRANSFER-UPI/DR/418017460002/DELCO MA/FDRL/BHARATPE.9/Pay t--	TRANSFER TO 4897694162092	354.00	 	3,410.07
29 Jun 2024	29 Jun 2024	   TO TRANSFER-UPI/DR/418109309566/KHAMARO /YESB/Q466799535/Pulsa--	TRANSFER TO 4897695162091	300.00	 	3,110.07
29 Jun 2024	29 Jun 2024	   TO TRANSFER-UPI/DR/418114899271/POGO FRI/FDRL/BHARATPE.9/Pay t--	TRANSFER TO 4897695162091	220.00	 	2,890.07
29 Jun 2024	29 Jun 2024	   TO TRANSFER-UPI/DR/418115938787/RS INSTR/HDFC/rsinstrume/Gener--	TRANSFER TO 4897695162091	1,024.00	 	1,866.07
29 Jun 2024	29 Jun 2024	   TO TRANSFER-UPI/DR/418115639891/HAIRTIQUE/FDRL/BHARATPE.9/Pay--	TRANSFER TO 4897695162091	20.00	 	1,846.07
29 Jun 2024	29 Jun 2024	   TO TRANSFER-UPI/DR/418116217109/RATHEESH/CNRB/raphealrat/Parce--	TRANSFER TO 4897695162091	240.00	 	1,606.07
30 Jun 2024	30 Jun 2024	   TO TRANSFER-UPI/DR/418211417738/ANTONY M J/YESB/Q788899370/NO--	TRANSFER TO 4897696162090	30.00	 	1,576.07
1 Jul 2024	1 Jul 2024	   TO TRANSFER-UPI/DR/418307856360/Indian o/YESB/Q261926166/Pulsa--	TRANSFER TO 4897690162095	300.00	 	1,276.07
1 Jul 2024	1 Jul 2024	   TO TRANSFER-UPI/DR/418314243340/PRESTINA/FDRL/prestinas3/Lunch--	TRANSFER TO 4897690162095	260.00	 	1,016.07
2 Jul 2024	2 Jul 2024	   TO TRANSFER-UPI/DR/418409651696/Emay Pet/YESB/Q893187989/Pulsa--	TRANSFER TO 4897691162095	300.00	 	716.07
2 Jul 2024	2 Jul 2024	   TO TRANSFER-UPI/DR/418414145927/NELSON  /YESB/Q427024064/NO RE--	TRANSFER TO 4897691162095	150.00	 	566.07
2 Jul 2024	2 Jul 2024	   TO TRANSFER-UPI/DR/418414624766/LAIJU SU/HDFC/laijusukha/Polut--	TRANSFER TO 4897691162095	100.00	 	466.07
2 Jul 2024	2 Jul 2024	   BY TRANSFER-UPI/CR/418459258100/SREELAKS/FDRL/srel7962@o/Uct e--	TRANSFER FROM 4897733162090	 	2,000.00	2,466.07
2 Jul 2024	2 Jul 2024	   TO TRANSFER-UPI/DR/418414303926/M/S.AMIN/ICIC/amincoproj/Batte--	TRANSFER TO 4897691162095	1,200.00	 	1,266.07
3 Jul 2024	3 Jul 2024	   BY TRANSFER-INB EXPENSE--	CT00FTDDU6               TRANSFER FROM 33866067524	 	3,000.00	4,266.07
3 Jul 2024	3 Jul 2024	   TO TRANSFER-UPI/DR/418512604252/AMELIA F/YESB/Q176540462/Pulsa--	TRANSFER TO 4897692162094	300.00	 	3,966.07
3 Jul 2024	3 Jul 2024	   TO TRANSFER-UPI/DR/418513429356/Star Hotel/YESB/paytmqr281/NO--	TRANSFER TO 4897692162094	190.00	 	3,776.07
3 Jul 2024	3 Jul 2024	   DEBIT-APY_JUL24_Mont_5000_11700201517326179_500877089800--		318.00	 	3,458.07
3 Jul 2024	3 Jul 2024	   TO TRANSFER-UPI/DR/418515854622/SREELAKS/FDRL/srel7962@o/NO RE--	TRANSFER TO 4897692162094	2,000.00	 	1,458.07
4 Jul 2024	4 Jul 2024	   ATM WDL-ATM CASH 41861 FBL AROOR              ALAPUZHA--		500.00	 	958.07
4 Jul 2024	4 Jul 2024	   TO TRANSFER-UPI/DR/418611491517/T K HARD/YESB/paytmqr15a/NO RE--	TRANSFER TO 4897693162093	20.00	 	938.07
4 Jul 2024	4 Jul 2024	   TO TRANSFER-UPI/DR/418614531612/PRESTINA/FDRL/prestinas3/NO RE--	TRANSFER TO 4897693162093	130.00	 	808.07
5 Jul 2024	5 Jul 2024	   BY TRANSFER-UPI/CR/455397375148/VYSHAKH /UBIN/vyshakhmra/UPI--	TRANSFER FROM 4897736162097	 	400.00	1,208.07
6 Jul 2024	6 Jul 2024	   BY TRANSFER-UPI/CR/418867280478/S  ANILK/SBIN/kollasseri/UPI--	TRANSFER FROM 4897737162096	 	1,999.00	3,207.07
6 Jul 2024	6 Jul 2024	   TO TRANSFER-UPI/DR/418828815147/Bharat S/ICIC/bharatsnl./colle--	TRANSFER TO 4897695162091	1,959.02	 	1,248.05
6 Jul 2024	6 Jul 2024	   TO TRANSFER-UPI/DR/418813336136/Pavithran/YESB/paytmqremw/Lunc--	TRANSFER TO 4897695162091	140.00	 	1,108.05
6 Jul 2024	6 Jul 2024	   BY TRANSFER-UPI/CR/455461355319/SEETHA  R/SBIN/seethaanil/UPI--	TRANSFER FROM 4897737162096	 	2,000.00	3,108.05
7 Jul 2024	7 Jul 2024	   ATM WDL-ATM CASH 41890 TIRUNELVELI JUNCTION ONTIRUNELVELI--		500.00	 	2,608.05
7 Jul 2024	7 Jul 2024	   TO TRANSFER-UPI/DR/418908764869/NARAYANAN/YESB/paytmqr281/Brea--	TRANSFER TO 4897696162090	95.00	 	2,513.05
7 Jul 2024	7 Jul 2024	   ATM WDL-ATM CASH 41891 EPS NEW BUS STAND TCN  TUTICORIN--		200.00	 	2,313.05
7 Jul 2024	7 Jul 2024	   TO TRANSFER-UPI/DR/418916947643/MATHAN H/UTIB/gpay-11231/NO RE--	TRANSFER TO 4897696162090	36.00	 	2,277.05
7 Jul 2024	7 Jul 2024	   TO TRANSFER-UPI/DR/418918658394/THATCHAN/IOBA/thatchanam/NO RE--	TRANSFER TO 4897696162090	18.00	 	2,259.05
7 Jul 2024	7 Jul 2024	   TO TRANSFER-UPI/DR/418918152158/THATCHAN/IOBA/thatchanam/NO RE--	TRANSFER TO 4897696162090	30.00	 	2,229.05
7 Jul 2024	7 Jul 2024	   TO TRANSFER-UPI/DR/418918450191/NIHAS  A/SBIN/9633264097/NO RE--	TRANSFER TO 4897696162090	150.00	 	2,079.05
8 Jul 2024	8 Jul 2024	   BY TRANSFER-INB Salary Payment--	CT00FYCTP6               TRANSFER FROM 33866067524	 	9,667.00	11,746.05
8 Jul 2024	8 Jul 2024	   TO TRANSFER-UPI/DR/419015590949/S  ANILK/SBIN/8078435453/NO RE--	TRANSFER TO 4897690162095	8,000.00	 	3,746.05
9 Jul 2024	9 Jul 2024	   TO TRANSFER-UPI/DR/419112779739/VYSHAKH /UBIN/vyshakhmra/NO RE--	TRANSFER TO 4897691162095	10.00	 	3,736.05
9 Jul 2024	9 Jul 2024	   TO TRANSFER-UPI/DR/419114183167/Star Hotel/YESB/paytmqr281/NO--	TRANSFER TO 4897691162095	60.00	 	3,676.05
10 Jul 2024	10 Jul 2024	   TO TRANSFER-UPI/DR/419213163828/Star Hotel/YESB/paytmqr281/Lun--	TRANSFER TO 4897692162094	190.00	 	3,486.05
11 Jul 2024	11 Jul 2024	   TO TRANSFER-UPI/DR/419309936043/ARUN/YESB/Q208212381/Unicorn--	TRANSFER TO 4897693162093	300.00	 	3,186.05
11 Jul 2024	11 Jul 2024	   TO TRANSFER-UPI/DR/419314321095/ALREEM/HDFC/alreem.625/Lunch--	TRANSFER TO 4897693162093	170.00	 	3,016.05
11 Jul 2024	11 Jul 2024	   TO TRANSFER-UPI/DR/419318391610/K A ABDU/YESB/paytmqr281/Activ--	TRANSFER TO 4897693162093	200.00	 	2,816.05
12 Jul 2024	12 Jul 2024	   BY TRANSFER-INB EXPENSE--	CT00GCJRS1               TRANSFER FROM 33866067524	 	3,000.00	5,816.05
12 Jul 2024	12 Jul 2024	   TO TRANSFER-UPI/DR/419413283518/Star Hotel/YESB/paytmqr281/NO--	TRANSFER TO 4897694162092	190.00	 	5,626.05
13 Jul 2024	13 Jul 2024	   TO TRANSFER-UPI/DR/419509240978/Indian O/YESB/Q018487072/Activ--	TRANSFER TO 4897695162091	200.00	 	5,426.05
13 Jul 2024	13 Jul 2024	   TO TRANSFER-UPI/DR/419510615600/BP Petro/YESB/Q648536785/NO RE--	TRANSFER TO 4897695162091	200.00	 	5,226.05

**This is a computer generated statement and does not require a signature

